%% This BibTeX bibliography file was created using BibDesk.
%% http://bibdesk.sourceforge.net/


%% Created for Adrian Price-Whelan at 2018-04-30 20:39:08 -0400


%% Saved with string encoding Unicode (UTF-8)

@article{Price-Whelan:2016,
	Adsnote = {Provided by the SAO/NASA Astrophysics Data System},
	Adsurl = {https://ui.adsabs.harvard.edu/#abs/2016MNRAS.455.1079P},
	Author = {{Price-Whelan}, Adrian M. and {Johnston}, Kathryn V. and {Valluri}, Monica and {Pearson}, Sarah and {K{\"u}pper}, Andreas H.~W. and {Hogg}, David W.},
	Date-Added = {2018-05-01 00:39:05 +0000},
	Date-Modified = {2018-05-01 00:39:07 +0000},
	Doi = {10.1093/mnras/stv2383},
	Journal = {\mnras},
	Keywords = {chaos, Galaxy: halo, galaxies: haloes, galaxies: kinematics and dynamics, galaxies: star clusters: general, dark matter, Astrophysics - Astrophysics of Galaxies},
	Month = Jan,
	Pages = {1079-1098},
	Title = {{Chaotic dispersal of tidal debris}},
	Volume = {455},
	Year = 2016,
	Bdsk-Url-1 = {https://dx.doi.org/10.1093/mnras/stv2383}}

@article{Balbinot:2018,
	Adsnote = {Provided by the SAO/NASA Astrophysics Data System},
	Adsurl = {https://ui.adsabs.harvard.edu/#abs/2018MNRAS.474.2479B},
	Author = {{Balbinot}, Eduardo and {Gieles}, Mark},
	Date-Added = {2018-05-01 00:22:59 +0000},
	Date-Modified = {2018-05-01 00:23:01 +0000},
	Doi = {10.1093/mnras/stx2708},
	Journal = {\mnras},
	Keywords = {globular clusters: general, Galaxy: structure, Astrophysics - Astrophysics of Galaxies, Astrophysics - Cosmology and Nongalactic Astrophysics},
	Month = Feb,
	Pages = {2479-2492},
	Title = {{The devil is in the tails: the role of globular cluster mass evolution on stream properties}},
	Volume = {474},
	Year = 2018,
	Bdsk-Url-1 = {https://dx.doi.org/10.1093/mnras/stx2708}}

@ARTICLE{Schonrich:2012,
       author = {{Sch{\"o}nrich}, Ralph},
        title = "{Galactic rotation and solar motion from stellar kinematics}",
      journal = {Monthly Notices of the Royal Astronomical Society},
     keywords = {stars: kinematics and dynamics, Galaxy: disc, Galaxy: fundamental parameters, Galaxy: halo, Galaxy: kinematics and dynamics, solar neighbourhood, Astrophysics - Astrophysics of Galaxies},
         year = "2012",
        month = "Nov",
       volume = {427},
       number = {1},
        pages = {274-287},
          doi = {10.1111/j.1365-2966.2012.21631.x},
archivePrefix = {arXiv},
       eprint = {1207.3079},
 primaryClass = {astro-ph.GA},
       adsurl = {https://ui.adsabs.harvard.edu/abs/2012MNRAS.427..274S},
      adsnote = {Provided by the SAO/NASA Astrophysics Data System}
}

@ARTICLE{Debattista:2002,
       author = {{Debattista}, Victor P. and {Corsini}, Enrico Maria and
         {Aguerri}, J.~A.~L.},
        title = "{A fast bar in the post-interaction galaxy NGC 1023}",
      journal = {Monthly Notices of the Royal Astronomical Society},
     keywords = {galaxies: elliptical and lenticular, cD, galaxies: haloes, galaxies: individual: NGC 1023, galaxies: interactions, galaxies: kinematics and dynamics, galaxies: photometry, Astrophysics},
         year = "2002",
        month = "May",
       volume = {332},
       number = {1},
        pages = {65-77},
          doi = {10.1046/j.1365-8711.2002.05269.x},
archivePrefix = {arXiv},
       eprint = {astro-ph/0112288},
 primaryClass = {astro-ph},
       adsurl = {https://ui.adsabs.harvard.edu/abs/2002MNRAS.332...65D},
      adsnote = {Provided by the SAO/NASA Astrophysics Data System}
}

@ARTICLE{weiner:1999,
       author = {{Weiner}, Benjamin J. and {Sellwood}, J.~A.},
        title = "{The Properties of the Galactic Bar Implied by Gas Kinematics in the Inner Milky Way}",
      journal = {The Astrophysical Journal},
     keywords = {GALAXY: KINEMATICS AND DYNAMICS, GALAXY: STRUCTURE, HYDRODYNAMICS, RADIO LINES: ISM, Galaxy: Kinematics and Dynamics, Galaxy: Structure, Hydrodynamics, Radio Lines: ISM, Astrophysics},
         year = "1999",
        month = "Oct",
       volume = {524},
       number = {1},
        pages = {112-128},
          doi = {10.1086/307786},
archivePrefix = {arXiv},
       eprint = {astro-ph/9904130},
 primaryClass = {astro-ph},
       adsurl = {https://ui.adsabs.harvard.edu/abs/1999ApJ...524..112W},
      adsnote = {Provided by the SAO/NASA Astrophysics Data System}
}



@ARTICLE{Debattista:2002b,
       author = {{Debattista}, Victor P. and {Gerhard}, Ortwin and
         {Sevenster}, Maartje N.},
        title = "{The pattern speed of the OH/IR stars in the Milky Way}",
      journal = {Monthly Notices of the Royal Astronomical Society},
     keywords = {Galaxy: bulge, Galaxy: disc, Galaxy: kinematics and dynamics, Galaxy: structure, galaxies: spiral, Astrophysics},
         year = "2002",
        month = "Aug",
       volume = {334},
       number = {2},
        pages = {355-368},
          doi = {10.1046/j.1365-8711.2002.05500.x},
archivePrefix = {arXiv},
       eprint = {astro-ph/0203375},
 primaryClass = {astro-ph},
       adsurl = {https://ui.adsabs.harvard.edu/abs/2002MNRAS.334..355D},
      adsnote = {Provided by the SAO/NASA Astrophysics Data System}
}



@article{Bovy:2012,
	Adsnote = {Provided by the SAO/NASA Astrophysics Data System},
	Adsurl = {https://ui.adsabs.harvard.edu/#abs/2012ApJ...753..148B},
	Author = {{Bovy}, Jo and {Rix}, Hans-Walter and {Liu}, Chao and {Hogg}, David W. and {Beers}, Timothy C. and {Lee}, Young Sun},
	Date-Added = {2018-04-30 17:20:43 +0000},
	Date-Modified = {2018-04-30 17:20:45 +0000},
	Doi = {10.1088/0004-637X/753/2/148},
	Journal = {\apj},
	Keywords = {Galaxy: abundances, Galaxy: disk, Galaxy: evolution, Galaxy: formation, Galaxy: fundamental parameters, Galaxy: structure, Astrophysics - Galaxy Astrophysics},
	Month = Jul,
	Title = {{The Spatial Structure of Mono-abundance Sub-populations of the Milky Way Disk}},
	Volume = {753},
	Year = 2012,
	Bdsk-Url-1 = {https://dx.doi.org/10.1088/0004-637X/753/2/148}}

@article{Navarro:1996,
	Adsnote = {Provided by the SAO/NASA Astrophysics Data System},
	Adsurl = {http://adsabs.harvard.edu/abs/1996ApJ...462..563N},
	Author = {{Navarro}, J.~F. and {Frenk}, C.~S. and {White}, S.~D.~M.},
	Date-Added = {2018-04-29 16:29:06 +0000},
	Date-Modified = {2018-04-29 16:29:06 +0000},
	Doi = {10.1086/177173},
	Eprint = {arXiv:astro-ph/9508025},
	Journal = {\apj},
	Keywords = {COSMOLOGY: THEORY, COSMOLOGY: DARK MATTER, GALAXIES: HALOS, METHODS: NUMERICAL},
	Month = may,
	Pages = {563},
	Title = {{The Structure of Cold Dark Matter Halos}},
	Volume = 462,
	Year = 1996,
	Bdsk-Url-1 = {http://dx.doi.org/10.1086/177173}}

@article{Hernquist:1990,
	Adsnote = {Provided by the SAO/NASA Astrophysics Data System},
	Adsurl = {http://adsabs.harvard.edu/abs/1990ApJ...356..359H},
	Author = {{Hernquist}, L.},
	Date-Added = {2018-04-29 16:29:01 +0000},
	Date-Modified = {2018-04-29 16:29:01 +0000},
	Doi = {10.1086/168845},
	Journal = {\apj},
	Keywords = {Computational Astrophysics, Elliptical Galaxies, Galactic Bulge, Galactic Structure, Astronomical Models, Astronomical Photometry, Brightness Distribution, Distribution Functions},
	Month = jun,
	Pages = {359-364},
	Title = {{An analytical model for spherical galaxies and bulges}},
	Volume = 356,
	Year = 1990,
	Bdsk-Url-1 = {http://dx.doi.org/10.1086/168845}}

@ARTICLE{Ibata:2017,
       author = {{Ibata}, Rodrigo A. and {Lewis}, Geraint F. and {Thomas}, Guillaume and
         {Martin}, Nicolas F. and {Chapman}, Scott},
        title = "{Feeling the Pull: A Study of Natural Galactic Accelerometers. II. Kinematics and Mass of the Delicate Stellar Stream of the Palomar 5 Globular Cluster}",
      journal = {\apj},
     keywords = {Galaxy: halo, globular clusters: individual: Palomar 5, Astrophysics - Astrophysics of Galaxies},
         year = "2017",
        month = "Jun",
       volume = {842},
       number = {2},
          eid = {120},
        pages = {120},
          doi = {10.3847/1538-4357/aa7514},
archivePrefix = {arXiv},
       eprint = {1708.06360},
 primaryClass = {astro-ph.GA},
       adsurl = {https://ui.adsabs.harvard.edu/abs/2017ApJ...842..120I},
      adsnote = {Provided by the SAO/NASA Astrophysics Data System}
}



@article{Miyamoto:1975,
	Adsnote = {Provided by the SAO/NASA Astrophysics Data System},
	Adsurl = {http://adsabs.harvard.edu/abs/1975PASJ...27..533M},
	Author = {{Miyamoto}, M. and {Nagai}, R.},
	Date-Added = {2018-04-29 16:28:57 +0000},
	Date-Modified = {2018-04-29 16:28:57 +0000},
	Journal = {\pasj},
	Keywords = {Astronomical Models, Density Distribution, Galactic Structure, Mass Distribution, Potential Theory, Three Dimensional Models, Functions (Mathematics), Globular Clusters, Gravitational Effects, Mathematical Models, Milky Way Galaxy},
	Pages = {533-543},
	Title = {{Three-dimensional models for the distribution of mass in galaxies}},
	Volume = 27,
	Year = 1975}

@ARTICLE{Bovy:2019,
       author = {{Bovy}, Jo and {Leung}, Henry W. and {Hunt}, Jason A.~S. and
         {Mackereth}, J. Ted and {Garcia-Hernandez}, D.~A. and
         {Roman-Lopes}, Alexandre},
        title = "{Life in the fast lane: a direct view of the dynamics, formation, and evolution of the Milky Way's bar}",
      journal = {arXiv e-prints},
     keywords = {Astrophysics - Astrophysics of Galaxies, Astrophysics - Cosmology and Nongalactic Astrophysics},
         year = "2019",
        month = "May",
          eid = {arXiv:1905.11404},
        pages = {arXiv:1905.11404},
archivePrefix = {arXiv},
       eprint = {1905.11404},
 primaryClass = {astro-ph.GA},
       adsurl = {https://ui.adsabs.harvard.edu/abs/2019arXiv190511404B},
      adsnote = {Provided by the SAO/NASA Astrophysics Data System}
}

@article{Fardal:2015,
	Adsnote = {Provided by the SAO/NASA Astrophysics Data System},
	Adsurl = {https://ui.adsabs.harvard.edu/#abs/2015MNRAS.452..301F},
	Author = {{Fardal}, Mark A. and {Huang}, Shuiyao and {Weinberg}, Martin D.},
	Date-Added = {2018-04-29 15:59:41 +0000},
	Date-Modified = {2018-04-29 15:59:43 +0000},
	Doi = {10.1093/mnras/stv1198},
	Journal = {\mnras},
	Keywords = {galaxies: haloes, galaxies: interactions, galaxies: kinematics and dynamics, galaxies: star clusters: general, Astrophysics - Astrophysics of Galaxies},
	Month = Sep,
	Pages = {301-319},
	Title = {{Generation of mock tidal streams}},
	Volume = {452},
	Year = 2015,
	Bdsk-Url-1 = {https://dx.doi.org/10.1093/mnras/stv1198}}

@article{Paxton:2011,
	Adsnote = {Provided by the SAO/NASA Astrophysics Data System},
	Adsurl = {http://adsabs.harvard.edu/abs/2011ApJS..192....3P},
	Archiveprefix = {arXiv},
	Author = {{Paxton}, B. and {Bildsten}, L. and {Dotter}, A. and {Herwig}, F. and {Lesaffre}, P. and {Timmes}, F.},
	Date-Added = {2018-04-29 02:04:28 +0000},
	Date-Modified = {2018-04-29 02:04:29 +0000},
	Doi = {10.1088/0067-0049/192/1/3},
	Eid = {3},
	Eprint = {1009.1622},
	Journal = {\apjs},
	Keywords = {methods: numerical, stars: evolution, stars: general},
	Month = jan,
	Pages = {3},
	Primaryclass = {astro-ph.SR},
	Title = {{Modules for Experiments in Stellar Astrophysics (MESA)}},
	Volume = 192,
	Year = 2011,
	Bdsk-Url-1 = {https://dx.doi.org/10.1088/0067-0049/192/1/3}}

@article{Choi:2016,
	Adsnote = {Provided by the SAO/NASA Astrophysics Data System},
	Adsurl = {http://adsabs.harvard.edu/abs/2016ApJ...823..102C},
	Archiveprefix = {arXiv},
	Author = {{Choi}, J. and {Dotter}, A. and {Conroy}, C. and {Cantiello}, M. and {Paxton}, B. and {Johnson}, B.~D.},
	Date-Added = {2018-04-29 02:04:07 +0000},
	Date-Modified = {2018-04-29 02:04:08 +0000},
	Doi = {10.3847/0004-637X/823/2/102},
	Eid = {102},
	Eprint = {1604.08592},
	Journal = {\apj},
	Keywords = {stars: evolution, stars: general, stars: interiors},
	Month = jun,
	Pages = {102},
	Primaryclass = {astro-ph.SR},
	Title = {{Mesa Isochrones and Stellar Tracks (MIST). I. Solar-scaled Models}},
	Volume = 823,
	Year = 2016,
	Bdsk-Url-1 = {https://dx.doi.org/10.3847/0004-637X/823/2/102}}

@article{Dotter:2016,
	Adsnote = {Provided by the SAO/NASA Astrophysics Data System},
	Adsurl = {http://adsabs.harvard.edu/abs/2016ApJS..222....8D},
	Archiveprefix = {arXiv},
	Author = {{Dotter}, A.},
	Date-Added = {2018-04-29 02:03:58 +0000},
	Date-Modified = {2018-04-29 02:03:59 +0000},
	Doi = {10.3847/0067-0049/222/1/8},
	Eid = {8},
	Eprint = {1601.05144},
	Journal = {\apjs},
	Keywords = {methods: numerical, stars: evolution},
	Month = jan,
	Pages = {8},
	Primaryclass = {astro-ph.SR},
	Title = {{MESA Isochrones and Stellar Tracks (MIST) 0: Methods for the Construction of Stellar Isochrones}},
	Volume = 222,
	Year = 2016,
	Bdsk-Url-1 = {https://dx.doi.org/10.3847/0067-0049/222/1/8}}

@ARTICLE{Dotter:2011,
       author = {{Dotter}, Aaron and {Sarajedini}, Ata and {Anderson}, Jay},
        title = "{Globular Clusters in the Outer Galactic Halo: New Hubble Space Telescope/Advanced Camera for Surveys Imaging of Six Globular Clusters and the Galactic Globular Cluster Age-metallicity Relation}",
      journal = {\apj},
     keywords = {Galaxy: formation, globular clusters: general, Astrophysics - Astrophysics of Galaxies, Astrophysics - Solar and Stellar Astrophysics},
         year = "2011",
        month = "Sep",
       volume = {738},
       number = {1},
          eid = {74},
        pages = {74},
          doi = {10.1088/0004-637X/738/1/74},
archivePrefix = {arXiv},
       eprint = {1106.4307},
 primaryClass = {astro-ph.GA},
       adsurl = {https://ui.adsabs.harvard.edu/abs/2011ApJ...738...74D},
      adsnote = {Provided by the SAO/NASA Astrophysics Data System}
}



@article{Bovy:2015,
	Adsnote = {Provided by the SAO/NASA Astrophysics Data System},
	Adsurl = {https://ui.adsabs.harvard.edu/#abs/2015ApJS..216...29B},
	Author = {{Bovy}, Jo},
	Date-Added = {2018-04-29 00:39:06 +0000},
	Date-Modified = {2018-04-29 00:39:07 +0000},
	Doi = {10.1088/0067-0049/216/2/29},
	Journal = {The Astrophysical Journal Supplement Series},
	Keywords = {galaxies: general, galaxies: kinematics and dynamics, Galaxy: fundamental parameters, Astrophysics - Astrophysics of Galaxies, Astrophysics - Instrumentation and Methods for Astrophysics},
	Month = Feb,
	Title = {{galpy: A python Library for Galactic Dynamics}},
	Volume = {216},
	Year = 2015,
	Bdsk-Url-1 = {https://dx.doi.org/10.1088/0067-0049/216/2/29}}

@article{Schonrich:2010,
	Adsnote = {Provided by the SAO/NASA Astrophysics Data System},
	Adsurl = {https://ui.adsabs.harvard.edu/#abs/2010MNRAS.403.1829S},
	Author = {{Sch{\"o}nrich}, Ralph and {Binney}, James and {Dehnen}, Walter},
	Date-Added = {2018-04-29 00:38:46 +0000},
	Date-Modified = {2018-04-29 00:38:48 +0000},
	Doi = {10.1111/j.1365-2966.2010.16253.x},
	Journal = {\mnras},
	Keywords = {stars: kinematics, Galaxy: disc, Galaxy: fundamental parameters, Galaxy: kinematics and dynamics, solar neighbourhood, Astrophysics - Astrophysics of Galaxies},
	Month = Apr,
	Pages = {1829-1833},
	Title = {{Local kinematics and the local standard of rest}},
	Volume = {403},
	Year = 2010,
	Bdsk-Url-1 = {https://dx.doi.org/10.1111/j.1365-2966.2010.16253.x}}

@inproceedings{Koposov:2006,
	Adsnote = {Provided by the SAO/NASA Astrophysics Data System},
	Adsurl = {http://adsabs.harvard.edu/abs/2006ASPC..351..735K},
	Author = {{Koposov}, S. and {Bartunov}, O.},
	Booktitle = {Astronomical Data Analysis Software and Systems XV},
	Date-Added = {2018-04-28 21:46:10 +0000},
	Date-Modified = {2018-04-28 21:46:11 +0000},
	Editor = {{Gabriel}, C. and {Arviset}, C. and {Ponz}, D. and {Enrique}, S.},
	Month = jul,
	Pages = {735},
	Series = {Astronomical Society of the Pacific Conference Series},
	Title = {{Q3C, Quad Tree Cube -- The new Sky-indexing Concept for Huge Astronomical Catalogues and its Realization for Main Astronomical Queries (Cone Search and Xmatch) in Open Source Database PostgreSQL}},
	Volume = 351,
	Year = 2006}

@article{Chambers:2016,
	Adsnote = {Provided by the SAO/NASA Astrophysics Data System},
	Adsurl = {http://adsabs.harvard.edu/abs/2016arXiv161205560C},
	Archiveprefix = {arXiv},
	Author = {{Chambers}, K.~C. and {Magnier}, E.~A. and {Metcalfe}, N. and {Flewelling}, H.~A. and {Huber}, M.~E. and {Waters}, C.~Z. and {Denneau}, L. and {Draper}, P.~W. and {Farrow}, D. and {Finkbeiner}, D.~P. and {Holmberg}, C. and {Koppenhoefer}, J. and {Price}, P.~A. and {Saglia}, R.~P. and {Schlafly}, E.~F. and {Smartt}, S.~J. and {Sweeney}, W. and {Wainscoat}, R.~J. and {Burgett}, W.~S. and {Grav}, T. and {Heasley}, J.~N. and {Hodapp}, K.~W. and {Jedicke}, R. and {Kaiser}, N. and {Kudritzki}, R.-P. and {Luppino}, G.~A. and {Lupton}, R.~H. and {Monet}, D.~G. and {Morgan}, J.~S. and {Onaka}, P.~M. and {Stubbs}, C.~W. and {Tonry}, J.~L. and {Banados}, E. and {Bell}, E.~F. and {Bender}, R. and {Bernard}, E.~J. and {Botticella}, M.~T. and {Casertano}, S. and {Chastel}, S. and {Chen}, W.-P. and {Chen}, X. and {Cole}, S. and {Deacon}, N. and {Frenk}, C. and {Fitzsimmons}, A. and {Gezari}, S. and {Goessl}, C. and {Goggia}, T. and {Goldman}, B. and {Grebel}, E.~K. and {Hambly}, N.~C. and {Hasinger}, G. and {Heavens}, A.~F. and {Heckman}, T.~M. and {Henderson}, R. and {Henning}, T. and {Holman}, M. and {Hopp}, U. and {Ip}, W.-H. and {Isani}, S. and {Keyes}, C.~D. and {Koekemoer}, A. and {Kotak}, R. and {Long}, K.~S. and {Lucey}, J.~R and {Liu}, M. and {Martin}, N.~F. and {McLean}, B. and {Morganson}, E. and {Murphy}, D.~N.~A. and {Nieto-Santisteban}, M.~A. and {Norberg}, P. and {Peacock}, J.~A. and {Pier}, E.~A. and {Postman}, M. and {Primak}, N. and {Rae}, C. and {Rest}, A. and {Riess}, A. and {Riffeser}, A. and {Rix}, H.~W. and {Roser}, S. and {Schilbach}, E. and {Schultz}, A.~S.~B. and {Scolnic}, D. and {Szalay}, A. and {Seitz}, S. and {Shiao}, B. and {Small}, E. and {Smith}, K.~W. and {Soderblom}, D. and {Taylor}, A.~N. and {Thakar}, A.~R. and {Thiel}, J. and {Thilker}, D. and {Urata}, Y. and {Valenti}, J. and {Walter}, F. and {Watters}, S.~P. and {Werner}, S. and {White}, R. and {Wood-Vasey}, W.~M. and {Wyse}, R.},
	Date-Added = {2018-04-28 21:44:41 +0000},
	Date-Modified = {2018-04-28 21:44:42 +0000},
	Eprint = {1612.05560},
	Journal = {ArXiv e-prints},
	Keywords = {Astrophysics - Instrumentation and Methods for Astrophysics, Astrophysics - Earth and Planetary Astrophysics, Astrophysics - Astrophysics of Galaxies, Astrophysics - Solar and Stellar Astrophysics},
	Month = dec,
	Primaryclass = {astro-ph.IM},
	Title = {{The Pan-STARRS1 Surveys}},
	Year = 2016}

@ARTICLE{Bonaca:2019a,
       author = {{Bonaca}, Ana and {Conroy}, Charlie and {Price-Whelan}, Adrian M. and
         {Hogg}, David W.},
        title = "{Multiple Components of the Jhelum Stellar Stream}",
      journal = {The Astrophysical Journal},
     keywords = {Galaxy: halo, Galaxy: kinematics and dynamics, stars: kinematics and dynamics, Astrophysics - Astrophysics of Galaxies, Astrophysics - Solar and Stellar Astrophysics},
         year = "2019",
        month = "Aug",
       volume = {881},
       number = {2},
          eid = {L37},
        pages = {L37},
          doi = {10.3847/2041-8213/ab36ba},
archivePrefix = {arXiv},
       eprint = {1906.02748},
 primaryClass = {astro-ph.GA},
       adsurl = {https://ui.adsabs.harvard.edu/abs/2019ApJ...881L..37B},
      adsnote = {Provided by the SAO/NASA Astrophysics Data System}
}



@article{Lindegren:2018,
	Adsnote = {Provided by the SAO/NASA Astrophysics Data System},
	Adsurl = {http://adsabs.harvard.edu/abs/2018arXiv180409366L},
	Archiveprefix = {arXiv},
	Author = {{Lindegren}, L. and {Hernandez}, J. and {Bombrun}, A. and {Klioner}, S. and {Bastian}, U. and {Ramos-Lerate}, M. and {de Torres}, A. and {Steidelmuller}, H. and {Stephenson}, C. and {Hobbs}, D. and {Lammers}, U. and {Biermann}, M. and {Geyer}, R. and {Hilger}, T. and {Michalik}, D. and {Stampa}, U. and {McMillan}, P.~J. and {Castaneda}, J. and {Clotet}, M. and {Comoretto}, G. and {Davidson}, M. and {Fabricius}, C. and {Gracia}, G. and {Hambly}, N.~C. and {Hutton}, A. and {Mora}, A. and {Portell}, J. and {van Leeuwen}, F. and {Abbas}, U. and {Abreu}, A. and {Altmann}, M. and {Andrei}, A. and {Anglada}, E. and {Balaguer-Nunez}, L. and {Barache}, C. and {Becciani}, U. and {Bertone}, S. and {Bianchi}, L. and {Bouquillon}, S. and {Bourda}, G. and {Brusemeister}, T. and {Bucciarelli}, B. and {Busonero}, D. and {Buzzi}, R. and {Cancelliere}, R. and {Carlucci}, T. and {Charlot}, P. and {Cheek}, N. and {Crosta}, M. and {Crowley}, C. and {de Bruijne}, J. and {de Felice}, F. and {Drimmel}, R. and {Esquej}, P. and {Fienga}, A. and {Fraile}, E. and {Gai}, M. and {Garralda}, N. and {Gonzalez-Vidal}, J.~J. and {Guerra}, R. and {Hauser}, M. and {Hofmann}, W. and {Holl}, B. and {Jordan}, S. and {Lattanzi}, M.~G. and {Lenhardt}, H. and {Liao}, S. and {Licata}, E. and {Lister}, T. and {Loffler}, W. and {Marchant}, J. and {Martin-Fleitas}, J.-M. and {Messineo}, R. and {Mignard}, F. and {Morbidelli}, R. and {Poggio}, E. and {Riva}, A. and {Rowell}, N. and {Salguero}, E. and {Sarasso}, M. and {Sciacca}, E. and {Siddiqui}, H. and {Smart}, R.~L. and {Spagna}, A. and {Steele}, I. and {Taris}, F. and {Torra}, J. and {van Elteren}, A. and {van Reeven}, W. and {Vecchiato}, A.},
	Date-Added = {2018-04-28 21:42:51 +0000},
	Date-Modified = {2018-04-28 21:42:52 +0000},
	Eprint = {1804.09366},
	Journal = {ArXiv e-prints},
	Keywords = {Astrophysics - Instrumentation and Methods for Astrophysics},
	Month = apr,
	Primaryclass = {astro-ph.IM},
	Title = {{Gaia Data Release 2: The astrometric solution}},
	Year = 2018}

@article{Gaia-Collaboration:2018,
	Adsnote = {Provided by the SAO/NASA Astrophysics Data System},
	Adsurl = {http://adsabs.harvard.edu/abs/2018arXiv180409365G},
	Archiveprefix = {arXiv},
	Author = {{Gaia Collaboration} and {Brown}, A.~G.~A. and {Vallenari}, A. and {Prusti}, T. and {de Bruijne}, J.~H.~J. and {Babusiaux}, C. and {Bailer-Jones}, C.~A.~L.},
	Date-Added = {2018-04-28 21:42:31 +0000},
	Date-Modified = {2018-04-28 21:42:32 +0000},
	Eprint = {1804.09365},
	Journal = {ArXiv e-prints},
	Keywords = {Astrophysics - Astrophysics of Galaxies, Astrophysics - Instrumentation and Methods for Astrophysics},
	Month = apr,
	Title = {{Gaia Data Release 2. Summary of the contents and survey properties}},
	Year = 2018}

@article{astropy,
	Adsnote = {Provided by the SAO/NASA Astrophysics Data System},
	Adsurl = {http://adsabs.harvard.edu/abs/2013A%26A...558A..33A},
	Archiveprefix = {arXiv},
	Author = {{Astropy Collaboration} and {Robitaille}, T.~P. and {Tollerud}, E.~J. and {Greenfield}, P. and {Droettboom}, M. and {Bray}, E. and {Aldcroft}, T. and {Davis}, M. and {Ginsburg}, A. and {Price-Whelan}, A.~M. and {Kerzendorf}, W.~E. and {Conley}, A. and {Crighton}, N. and {Barbary}, K. and {Muna}, D. and {Ferguson}, H. and {Grollier}, F. and {Parikh}, M.~M. and {Nair}, P.~H. and {Unther}, H.~M. and {Deil}, C. and {Woillez}, J. and {Conseil}, S. and {Kramer}, R. and {Turner}, J.~E.~H. and {Singer}, L. and {Fox}, R. and {Weaver}, B.~A. and {Zabalza}, V. and {Edwards}, Z.~I. and {Azalee Bostroem}, K. and {Burke}, D.~J. and {Casey}, A.~R. and {Crawford}, S.~M. and {Dencheva}, N. and {Ely}, J. and {Jenness}, T. and {Labrie}, K. and {Lim}, P.~L. and {Pierfederici}, F. and {Pontzen}, A. and {Ptak}, A. and {Refsdal}, B. and {Servillat}, M. and {Streicher}, O.},
	Doi = {10.1051/0004-6361/201322068},
	Eid = {A33},
	Eprint = {1307.6212},
	Journal = {\aap},
	Keywords = {methods: data analysis, methods: miscellaneous, virtual observatory tools},
	Month = oct,
	Pages = {A33},
	Primaryclass = {astro-ph.IM},
	Title = {{Astropy: A community Python package for astronomy}},
	Volume = 558,
	Year = 2013,
	Bdsk-Url-1 = {https://dx.doi.org/10.1051/0004-6361/201322068}}

@article{mpl,
	Adsnote = {Provided by the SAO/NASA Astrophysics Data System},
	Adsurl = {http://adsabs.harvard.edu/abs/2007CSE.....9...90H},
	Author = {{Hunter}, J.~D.},
	Doi = {10.1109/MCSE.2007.55},
	Journal = {Computing in Science and Engineering},
	Keywords = {Python, Scripting languages, Application development, Scientific programming},
	Month = may,
	Pages = {90-95},
	Title = {{Matplotlib: A 2D Graphics Environment}},
	Volume = 9,
	Year = 2007,
	Bdsk-Url-1 = {https://dx.doi.org/10.1109/MCSE.2007.55}}

@article{numpy,
	Acmid = {1957466},
	Address = {Piscataway, NJ, USA},
	Author = {Walt, Stefan van der and Colbert, S. Chris and Varoquaux, Gael},
	Doi = {10.1109/MCSE.2011.37},
	Issn = {1521-9615},
	Issue_Date = {March 2011},
	Journal = {Computing in Science and Engg.},
	Keywords = {NumPy, Python, Python, NumPy, scientific programming, numerical computations, programming libraries, numerical computations, programming libraries, scientific programming},
	Month = mar,
	Number = {2},
	Numpages = {9},
	Pages = {22--30},
	Publisher = {IEEE Educational Activities Department},
	Title = {The NumPy Array: A Structure for Efficient Numerical Computation},
	Url = {http://dx.doi.org/10.1109/MCSE.2011.37},
	Volume = {13},
	Year = {2011},
	Bdsk-Url-1 = {http://dx.doi.org/10.1109/MCSE.2011.37}}

@misc{scipy,
	Author = {Eric Jones and Travis Oliphant and Pearu Peterson and others},
	Title = {{SciPy}: Open source scientific tools for {Python}},
	Url = {http://www.scipy.org/},
	Year = {2001--},
	Bdsk-Url-1 = {http://www.scipy.org/}}

@article{gala,
	Adsnote = {Provided by the SAO/NASA Astrophysics Data System},
	Adsurl = {http://adsabs.harvard.edu/abs/2017JOSS....2..388P},
	Author = {{Price-Whelan}, A.~M.},
	Doi = {10.21105/joss.00388},
	Eid = {388},
	Journal = {The Journal of Open Source Software},
	Keywords = {galactic dynamics, python, stellar kinematics},
	Month = oct,
	Pages = {388},
	Title = {{Gala: A Python package for galactic dynamics}},
	Volume = 2,
	Year = 2017,
	Bdsk-Url-1 = {https://dx.doi.org/10.21105/joss.00388}}

@article{ipython,
	Author = {P\'erez, Fernando and Granger, Brian E.},
	Date-Added = {2017-08-04 07:38:09 +0000},
	Date-Modified = {2017-08-04 07:38:09 +0000},
	Doi = {10.1109/MCSE.2007.53},
	Issn = {1521-9615},
	Journal = {Computing in Science and Engineering},
	Month = may,
	Number = {3},
	Pages = {21--29},
	Publisher = {IEEE Computer Society},
	Title = {{IP}ython: a System for Interactive Scientific Computing},
	Url = {http://ipython.org},
	Volume = {9},
	Year = 2007,
	Bdsk-Url-1 = {http://ipython.org},
	Bdsk-Url-2 = {http://dx.doi.org/10.1109/MCSE.2007.53}}

@proceedings{Newberg:2016,
	Adsnote = {Provided by the SAO/NASA Astrophysics Data System},
	Adsurl = {http://adsabs.harvard.edu/abs/2016ASSL..420.....N},
	Booktitle = {Tidal Streams in the Local Group and Beyond},
	Doi = {10.1007/978-3-319-19336-6},
	Editor = {{Newberg}, H.~J. and {Carlin}, J.~L.},
	Keywords = {Physics},
	Series = {Astrophysics and Space Science Library},
	Title = {{Tidal Streams in the Local Group and Beyond}},
	Volume = 420,
	Year = 2016,
	Bdsk-Url-1 = {https://dx.doi.org/10.1007/978-3-319-19336-6}}

@inproceedings{Grillmair:2016,
	Adsnote = {Provided by the SAO/NASA Astrophysics Data System},
	Adsurl = {https://ui.adsabs.harvard.edu/#abs/2016ASSL..420...87G},
	Author = {{Grillmair}, Carl J. and {Carlin}, Jeffrey L.},
	Booktitle = {Tidal Streams in the Local Group and Beyond, Astrophysics and Space Science Library, Volume 420. ISBN 978-3-319-19335-9. Springer International Publishing Switzerland, 2016, p. 87},
	Doi = {10.1007/978-3-319-19336-6_4},
	Keywords = {Physics, Astrophysics - Astrophysics of Galaxies},
	Month = Jan,
	Pages = {87},
	Title = {{Stellar Streams and Clouds in the Galactic Halo}},
	Volume = {420},
	Year = 2016,
	Bdsk-Url-1 = {https://dx.doi.org/10.1007/978-3-319-19336-6_4}}

@article{Bonaca:2018,
	Adsnote = {Provided by the SAO/NASA Astrophysics Data System},
	Adsurl = {https://ui.adsabs.harvard.edu/#abs/2018arXiv180406854B},
	Archiveprefix = {arXiv},
	Author = {{Bonaca}, Ana and {Hogg}, David W.},
	Eprint = {1804.06854},
	Journal = {ArXiv e-prints},
	Keywords = {Astrophysics - Astrophysics of Galaxies},
	Month = Apr,
	Title = {{The information content in cold stellar streams}},
	Year = 2018}

@article{Grillmair:2006,
	Adsnote = {Provided by the SAO/NASA Astrophysics Data System},
	Adsurl = {https://ui.adsabs.harvard.edu/#abs/2006ApJ...643L..17G},
	Author = {{Grillmair}, C.~J. and {Dionatos}, O.},
	Doi = {10.1086/505111},
	Journal = {\apj},
	Keywords = {Galaxy: Halo, Galaxy: Structure, Galaxy: Globular Clusters: General, Astrophysics},
	Month = May,
	Pages = {L17-L20},
	Title = {{Detection of a 63{\textdegree} Cold Stellar Stream in the Sloan Digital Sky Survey}},
	Volume = {643},
	Year = 2006,
	Bdsk-Url-1 = {https://dx.doi.org/10.1086/505111}}

@article{Yoon:2011,
	Adsnote = {Provided by the SAO/NASA Astrophysics Data System},
	Adsurl = {https://ui.adsabs.harvard.edu/#abs/2011ApJ...731...58Y},
	Author = {{Yoon}, Joo Heon and {Johnston}, Kathryn V. and {Hogg}, David W.},
	Doi = {10.1088/0004-637X/731/1/58},
	Journal = {\apj},
	Keywords = {cosmology: theory, dark matter, Galaxy: halo, Galaxy: kinematics and dynamics, Galaxy: structure, Astrophysics - Astrophysics of Galaxies},
	Month = Apr,
	Title = {{Clumpy Streams from Clumpy Halos: Detecting Missing Satellites with Cold Stellar Structures}},
	Volume = {731},
	Year = 2011,
	Bdsk-Url-1 = {https://dx.doi.org/10.1088/0004-637X/731/1/58}}

@article{Bovy:2016,
	Adsnote = {Provided by the SAO/NASA Astrophysics Data System},
	Adsurl = {https://ui.adsabs.harvard.edu/#abs/2016ApJ...833...31B},
	Author = {{Bovy}, Jo and {Bahmanyar}, Anita and {Fritz}, Tobias K. and {Kallivayalil}, Nitya},
	Doi = {10.3847/1538-4357/833/1/31},
	Journal = {\apj},
	Keywords = {dark matter, Galaxy: fundamental parameters, Galaxy: halo, Galaxy: kinematics and dynamics, Galaxy: structure, globular clusters: individual: Palomar 5, Astrophysics - Astrophysics of Galaxies, Astrophysics - Cosmology and Nongalactic Astrophysics},
	Month = Dec,
	Title = {{The Shape of the Inner Milky Way Halo from Observations of the Pal 5 and GD--1 Stellar Streams}},
	Volume = {833},
	Year = 2016,
	Bdsk-Url-1 = {https://dx.doi.org/10.3847/1538-4357/833/1/31}}

@article{Johnston:1999,
	Adsnote = {Provided by the SAO/NASA Astrophysics Data System},
	Adsurl = {https://ui.adsabs.harvard.edu/#abs/1999ApJ...512L.109J},
	Author = {{Johnston}, Kathryn V. and {Zhao}, HongSheng and {Spergel}, David N. and {Hernquist}, Lars},
	Doi = {10.1086/311876},
	Journal = {\apj},
	Keywords = {GALAXY: FUNDAMENTAL PARAMETERS, GALAXY: HALO, GALAXY: KINEMATICS AND DYNAMICS, GALAXY: STRUCTURE, Galaxy: Fundamental Parameters, Galaxy: Halo, Galaxy: Kinematics and Dynamics, Galaxy: Structure, Astrophysics},
	Month = Feb,
	Pages = {L109-L112},
	Title = {{Tidal Streams as Probes of the Galactic Potential}},
	Volume = {512},
	Year = 1999,
	Bdsk-Url-1 = {https://dx.doi.org/10.1086/311876}}

@article{Erkal:2016a,
	Adsnote = {Provided by the SAO/NASA Astrophysics Data System},
	Adsurl = {https://ui.adsabs.harvard.edu/#abs/2016MNRAS.461.1590E},
	Author = {{Erkal}, Denis and {Sanders}, Jason L. and {Belokurov}, Vasily},
	Date-Modified = {2018-04-28 21:41:21 +0000},
	Doi = {10.1093/mnras/stw1400},
	Journal = {\mnras},
	Keywords = {galaxies: haloes, galaxies: structure, dark matter, Astrophysics - Astrophysics of Galaxies},
	Month = Sep,
	Pages = {1590-1604},
	Title = {{Stray, swing and scatter: angular momentum evolution of orbits and streams in aspherical potentials}},
	Volume = {461},
	Year = 2016,
	Bdsk-Url-1 = {https://dx.doi.org/10.1093/mnras/stw1400}}

@article{Erkal:2015,
	Adsnote = {Provided by the SAO/NASA Astrophysics Data System},
	Adsurl = {https://ui.adsabs.harvard.edu/#abs/2015MNRAS.454.3542E},
	Author = {{Erkal}, Denis and {Belokurov}, Vasily},
	Doi = {10.1093/mnras/stv2122},
	Journal = {\mnras},
	Keywords = {surveys, proper motions, galaxies: haloes, galaxies: kinematics and dynamics, galaxies: structure, Astrophysics - Astrophysics of Galaxies},
	Month = Dec,
	Pages = {3542-3558},
	Title = {{Properties of dark subhaloes from gaps in tidal streams}},
	Volume = {454},
	Year = 2015,
	Bdsk-Url-1 = {https://dx.doi.org/10.1093/mnras/stv2122}}

@ARTICLE{Erkal:2015b,
       author = {{Erkal}, Denis and {Belokurov}, Vasily},
        title = "{Forensics of subhalo-stream encounters: the three phases of gap growth}",
      journal = {\mnras},
     keywords = {galaxies: haloes, galaxies: kinematics and dynamics, galaxies: structure, cosmology: theory, dark matter, Astrophysics - Astrophysics of Galaxies},
         year = "2015",
        month = "Jun",
       volume = {450},
       number = {1},
        pages = {1136-1149},
          doi = {10.1093/mnras/stv655},
archivePrefix = {arXiv},
       eprint = {1412.6035},
 primaryClass = {astro-ph.GA},
       adsurl = {https://ui.adsabs.harvard.edu/abs/2015MNRAS.450.1136E},
      adsnote = {Provided by the SAO/NASA Astrophysics Data System}
}


@article{Sanders:2016,
	Adsnote = {Provided by the SAO/NASA Astrophysics Data System},
	Adsurl = {https://ui.adsabs.harvard.edu/#abs/2016MNRAS.457.3817S},
	Author = {{Sanders}, Jason L. and {Bovy}, Jo and {Erkal}, Denis},
	Doi = {10.1093/mnras/stw232},
	Journal = {\mnras},
	Keywords = {Galaxy: halo, Galaxy: kinematics and dynamics, Galaxy: structure, cosmology: theory, dark matter, Astrophysics - Astrophysics of Galaxies},
	Month = Apr,
	Pages = {3817-3835},
	Title = {{Dynamics of stream-subhalo interactions}},
	Volume = {457},
	Year = 2016,
	Bdsk-Url-1 = {https://dx.doi.org/10.1093/mnras/stw232}}

@article{Bovy:2017,
	Adsnote = {Provided by the SAO/NASA Astrophysics Data System},
	Adsurl = {https://ui.adsabs.harvard.edu/#abs/2017MNRAS.466..628B},
	Author = {{Bovy}, Jo and {Erkal}, Denis and {Sanders}, Jason L.},
	Doi = {10.1093/mnras/stw3067},
	Journal = {\mnras},
	Keywords = {Galaxy: fundamental parameters, Galaxy: halo, Galaxy: kinematics and dynamics, Galaxy: structure, dark matter, Astrophysics - Astrophysics of Galaxies, Astrophysics - Cosmology and Nongalactic Astrophysics},
	Month = Apr,
	Pages = {628-668},
	Title = {{Linear perturbation theory for tidal streams and the small-scale CDM power spectrum}},
	Volume = {466},
	Year = 2017,
	Bdsk-Url-1 = {https://dx.doi.org/10.1093/mnras/stw3067}}

@article{York:2000,
	Adsnote = {Provided by the SAO/NASA Astrophysics Data System},
	Adsurl = {https://ui.adsabs.harvard.edu/#abs/2000AJ....120.1579Y},
	Author = {{York}, Donald G. and {Adelman}, J. and {Anderson}, John E., Jr. and {Anderson}, Scott F. and {Annis}, James and {Bahcall}, Neta A. and {Bakken}, J.~A. and {Barkhouser}, Robert and {Bastian}, Steven and {Berman}, Eileen and {Boroski}, William N. and {Bracker}, Steve and {Briegel}, Charlie and {Briggs}, John W. and {Brinkmann}, J. and {Brunner}, Robert and {Burles}, Scott and {Carey}, Larry and {Carr}, Michael A. and {Castander}, Francisco J. and {Chen}, Bing and {Colestock}, Patrick L. and {Connolly}, A.~J. and {Crocker}, J.~H. and {Csabai}, Istv{\'a}n and {Czarapata}, Paul C. and {Davis}, John Eric and {Doi}, Mamoru and {Dombeck}, Tom and {Eisenstein}, Daniel and {Ellman}, Nancy and {Elms}, Brian R. and {Evans}, Michael L. and {Fan}, Xiaohui and {Federwitz}, Glenn R. and {Fiscelli}, Larry and {Friedman}, Scott and {Frieman}, Joshua A. and {Fukugita}, Masataka and {Gillespie}, Bruce and {Gunn}, James E. and {Gurbani}, Vijay K. and {de Haas}, Ernst and {Haldeman}, Merle and {Harris}, Frederick H. and {Hayes}, J. and {Heckman}, Timothy M. and {Hennessy}, G.~S. and {Hindsley}, Robert B. and {Holm}, Scott and {Holmgren}, Donald J. and {Huang}, Chi-hao and {Hull}, Charles and {Husby}, Don and {Ichikawa}, Shin-Ichi and {Ichikawa}, Takashi and {Ivezi{\'c}}, {\v{Z}}eljko and {Kent}, Stephen and {Kim}, Rita S.~J. and {Kinney}, E. and {Klaene}, Mark and {Kleinman}, A.~N. and {Kleinman}, S. and {Knapp}, G.~R. and {Korienek}, John and {Kron}, Richard G. and {Kunszt}, Peter Z. and {Lamb}, D.~Q. and {Lee}, B. and {Leger}, R. French and {Limmongkol}, Siriluk and {Lindenmeyer}, Carl and {Long}, Daniel C. and {Loomis}, Craig and {Loveday}, Jon and {Lucinio}, Rich and {Lupton}, Robert H. and {MacKinnon}, Bryan and {Mannery}, Edward J. and {Mantsch}, P.~M. and {Margon}, Bruce and {McGehee}, Peregrine and {McKay}, Timothy A. and {Meiksin}, Avery and {Merelli}, Aronne and {Monet}, David G. and {Munn}, Jeffrey A. and {Narayanan}, Vijay K. and {Nash}, Thomas and {Neilsen}, Eric and {Neswold}, Rich and {Newberg}, Heidi Jo and {Nichol}, R.~C. and {Nicinski}, Tom and {Nonino}, Mario and {Okada}, Norio and {Okamura}, Sadanori and {Ostriker}, Jeremiah P. and {Owen}, Russell and {Pauls}, A. George and {Peoples}, John and {Peterson}, R.~L. and {Petravick}, Donald and {Pier}, Jeffrey R. and {Pope}, Adrian and {Pordes}, Ruth and {Prosapio}, Angela and {Rechenmacher}, Ron and {Quinn}, Thomas R. and {Richards}, Gordon T. and {Richmond}, Michael W. and {Rivetta}, Claudio H. and {Rockosi}, Constance M. and {Ruthmansdorfer}, Kurt and {Sandford}, Dale and {Schlegel}, David J. and {Schneider}, Donald P. and {Sekiguchi}, Maki and {Sergey}, Gary and {Shimasaku}, Kazuhiro and {Siegmund}, Walter A. and {Smee}, Stephen and {Smith}, J. Allyn and {Snedden}, S. and {Stone}, R. and {Stoughton}, Chris and {Strauss}, Michael A. and {Stubbs}, Christopher and {SubbaRao}, Mark and {Szalay}, Alexander S. and {Szapudi}, Istvan and {Szokoly}, Gyula P. and {Thakar}, Anirudda R. and {Tremonti}, Christy and {Tucker}, Douglas L. and {Uomoto}, Alan and {Vanden Berk}, Dan and {Vogeley}, Michael S. and {Waddell}, Patrick and {Wang}, Shu-i. and {Watanabe}, Masaru and {Weinberg}, David H. and {Yanny}, Brian and {Yasuda}, Naoki and {SDSS Collaboration}},
	Doi = {10.1086/301513},
	Journal = {\aj},
	Keywords = {Cosmology: Observations, Instrumentation: Miscellaneous, Astrophysics},
	Month = Sep,
	Pages = {1579-1587},
	Title = {{The Sloan Digital Sky Survey: Technical Summary}},
	Volume = {120},
	Year = 2000,
	Bdsk-Url-1 = {https://dx.doi.org/10.1086/301513}}

@ARTICLE{Rockosi:2002,
       author = {{Rockosi}, Constance M. and {Odenkirchen}, Michael and {Grebel}, Eva K. and
         {Dehnen}, Walter and {Cudworth}, Kyle M. and {Gunn}, James E. and
         {York}, Donald G. and {Brinkmann}, J. and {Hennessy}, G.~S. and
         {Ivezi{\'c}}, {\v{Z}}eljko},
        title = "{A Matched-Filter Analysis of the Tidal Tails of the Globular Cluster Palomar 5}",
      journal = {\aj},
     keywords = {Galaxy: Halo, Galaxy: Kinematics and Dynamics, Galaxy: Structure, Galaxy: Globular Clusters: Individual: Name: Palomar 5},
         year = "2002",
        month = "Jul",
       volume = {124},
       number = {1},
        pages = {349-363},
          doi = {10.1086/340957},
       adsurl = {https://ui.adsabs.harvard.edu/abs/2002AJ....124..349R},
      adsnote = {Provided by the SAO/NASA Astrophysics Data System}
}

@article{Bonaca:2012,
	Adsnote = {Provided by the SAO/NASA Astrophysics Data System},
	Adsurl = {https://ui.adsabs.harvard.edu/#abs/2012ApJ...760L...6B},
	Author = {{Bonaca}, Ana and {Geha}, Marla and {Kallivayalil}, Nitya},
	Doi = {10.1088/2041-8205/760/1/L6},
	Journal = {\apj},
	Keywords = {Galaxy: halo, Galaxy: structure, Astrophysics - Astrophysics of Galaxies},
	Month = Nov,
	Title = {{A Cold Milky Way Stellar Stream in the Direction of Triangulum}},
	Volume = {760},
	Year = 2012,
	Bdsk-Url-1 = {https://dx.doi.org/10.1088/2041-8205/760/1/L6}}

@article{Grillmair:2006b,
	Adsnote = {Provided by the SAO/NASA Astrophysics Data System},
	Adsurl = {https://ui.adsabs.harvard.edu/#abs/2006ApJ...645L..37G},
	Author = {{Grillmair}, C.~J.},
	Doi = {10.1086/505863},
	Journal = {\apj},
	Keywords = {Galaxy: Halo, Galaxy: Structure, Galaxy: Globular Clusters: General, Astrophysics},
	Month = Jul,
	Pages = {L37-L40},
	Title = {{Detection of a 60{\textdegree}-long Dwarf Galaxy Debris Stream}},
	Volume = {645},
	Year = 2006,
	Bdsk-Url-1 = {https://dx.doi.org/10.1086/505863}}

@article{Odenkirchen:2001,
	Adsnote = {Provided by the SAO/NASA Astrophysics Data System},
	Adsurl = {https://ui.adsabs.harvard.edu/#abs/2001ApJ...548L.165O},
	Author = {{Odenkirchen}, Michael and {Grebel}, Eva K. and {Rockosi}, Constance M. and {Dehnen}, Walter and {Ibata}, Rodrigo and {Rix}, Hans-Walter and {Stolte}, Andrea and {Wolf}, Christian and {Anderson}, John E., Jr. and {Bahcall}, Neta A. and {Brinkmann}, Jon and {Csabai}, Istv{\'a}n and {Hennessy}, G. and {Hindsley}, Robert B. and {Ivezi{\'c}}, {\v{Z}}eljko and {Lupton}, Robert H. and {Munn}, Jeffrey A. and {Pier}, Jeffrey R. and {Stoughton}, Chris and {York}, Donald G.},
	Doi = {10.1086/319095},
	Journal = {\apj},
	Keywords = {Galaxy: Halo, Galaxy: Kinematics and Dynamics, Galaxy: Structure, Galaxy: Globular Clusters:: Individual Name: Palomar 5, Astrophysics},
	Month = Feb,
	Pages = {L165-L169},
	Title = {{Detection of Massive Tidal Tails around the Globular Cluster Palomar 5 with Sloan Digital Sky Survey Commissioning Data}},
	Volume = {548},
	Year = 2001,
	Bdsk-Url-1 = {https://dx.doi.org/10.1086/319095}}

@article{Shipp:2018,
	Adsnote = {Provided by the SAO/NASA Astrophysics Data System},
	Adsurl = {https://ui.adsabs.harvard.edu/#abs/2018arXiv180103097S},
	Archiveprefix = {arXiv},
	Author = {{Shipp}, N. and {Drlica-Wagner}, A. and {Balbinot}, E. and {Ferguson}, P. and {Erkal}, D. and {Li}, T.~S. and {Bechtol}, K. and {Belokurov}, V. and {Buncher}, B. and {Carollo}, D. and {Carrasco Kind}, M. and {Kuehn}, K. and {Marshall}, J.~L. and {Pace}, A.~B. and {Rykoff}, E.~S. and {Sevilla-Noarbe}, I. and {Sheldon}, E. and {Strigari}, L. and {Vivas}, A.~K. and {Yanny}, B. and {Zenteno}, A. and {Abbott}, T.~M.~C. and {Abdalla}, F.~B. and {Allam}, S. and {Avila}, S. and {Bertin}, E. and {Brooks}, D. and {Burke}, D.~L. and {Carretero}, J. and {Castander}, F.~J. and {Cawthon}, R. and {Crocce}, M. and {Cunha}, C.~E. and {D'Andrea}, C.~B. and {da Costa}, L.~N. and {Davis}, C. and {De Vicente}, J. and {Desai}, S. and {Diehl}, H.~T. and {Doel}, P. and {Evrard}, A.~E. and {Flaugher}, B. and {Fosalba}, P. and {Frieman}, J. and {Garc{\'\i}a-Bellido}, J. and {Gaztanaga}, E. and {Gerdes}, D.~W. and {Gruen}, D. and {Gruendl}, R.~A. and {Gschwend}, J. and {Gutierrez}, G. and {Hoyle}, B. and {James}, D.~J. and {Johnson}, M.~D. and {Krause}, E. and {Kuropatkin}, N. and {Lahav}, O. and {Lin}, H. and {Maia}, M.~A.~G. and {March}, M. and {Martini}, P. and {Menanteau}, F. and {Miller}, C.~J. and {Miquel}, R. and {Nichol}, R.~C. and {Plazas}, A.~A. and {Romer}, A.~K. and {Sako}, M. and {Sanchez}, E. and {Scarpine}, V. and {Schindler}, R. and {Schubnell}, M. and {Smith}, M. and {Smith}, R.~C. and {Sobreira}, F. and {Suchyta}, E. and {Swanson}, M.~E.~C. and {Tarle}, G. and {Thomas}, D. and {Tucker}, D.~L. and {Walker}, A.~R. and {Wechsler}, R.~H. and {the DES Collaboration}},
	Eprint = {1801.03097},
	Journal = {ArXiv e-prints},
	Keywords = {Astrophysics - Astrophysics of Galaxies, Astrophysics - Cosmology and Nongalactic Astrophysics},
	Month = Jan,
	Title = {{Stellar Streams Discovered in the Dark Energy Survey}},
	Year = 2018}

@article{Belokurov:2006,
	Adsnote = {Provided by the SAO/NASA Astrophysics Data System},
	Adsurl = {https://ui.adsabs.harvard.edu/#abs/2006ApJ...637L..29B},
	Author = {{Belokurov}, V. and {Evans}, N.~W. and {Irwin}, M.~J. and {Hewett}, P.~C. and {Wilkinson}, M.~I.},
	Doi = {10.1086/500362},
	Journal = {\apj},
	Keywords = {Galaxy: Halo, Galaxy: Kinematics and Dynamics, Galaxy: Globular Clusters: Individual: NGC Number: NGC 5466, Astrophysics},
	Month = Jan,
	Pages = {L29-L32},
	Title = {{The Discovery of Tidal Tails around the Globular Cluster NGC 5466}},
	Volume = {637},
	Year = 2006,
	Bdsk-Url-1 = {https://dx.doi.org/10.1086/500362}}

@article{Belokurov:2007,
	Adsnote = {Provided by the SAO/NASA Astrophysics Data System},
	Adsurl = {https://ui.adsabs.harvard.edu/#abs/2007ApJ...658..337B},
	Author = {{Belokurov}, V. and {Evans}, N.~W. and {Irwin}, M.~J. and {Lynden-Bell}, D. and {Yanny}, B. and {Vidrih}, S. and {Gilmore}, G. and {Seabroke}, G. and {Zucker}, D.~B. and {Wilkinson}, M.~I. and {Hewett}, P.~C. and {Bramich}, D.~M. and {Fellhauer}, M. and {Newberg}, H.~J. and {Wyse}, R.~F.~G. and {Beers}, T.~C. and {Bell}, E.~F. and {Barentine}, J.~C. and {Brinkmann}, J. and {Cole}, N. and {Pan}, K. and {York}, D.~G.},
	Doi = {10.1086/511302},
	Journal = {\apj},
	Keywords = {Galaxies: Kinematics and Dynamics, Galaxies: Structure, Galaxies: Local Group, Astrophysics},
	Month = Mar,
	Pages = {337-344},
	Title = {{An Orphan in the ``Field of Streams''}},
	Volume = {658},
	Year = 2007,
	Bdsk-Url-1 = {https://dx.doi.org/10.1086/511302}}

@article{Koposov:2010,
	Adsnote = {Provided by the SAO/NASA Astrophysics Data System},
	Adsurl = {https://ui.adsabs.harvard.edu/#abs/2010ApJ...712..260K},
	Author = {{Koposov}, Sergey E. and {Rix}, Hans-Walter and {Hogg}, David W.},
	Doi = {10.1088/0004-637X/712/1/260},
	Journal = {\apj},
	Keywords = {Galaxy: fundamental parameters, Galaxy: halo, Galaxy: kinematics and dynamics, methods: statistical, stars: kinematics and dynamics, surveys, Astrophysics - Galaxy Astrophysics, Astrophysics - Cosmology and Extragalactic Astrophysics},
	Month = Mar,
	Pages = {260-273},
	Title = {{Constraining the Milky Way Potential with a Six-Dimensional Phase-Space Map of the GD-1 Stellar Stream}},
	Volume = {712},
	Year = 2010,
	Bdsk-Url-1 = {https://dx.doi.org/10.1088/0004-637X/712/1/260}}

@article{Pearson:2017,
	Adsnote = {Provided by the SAO/NASA Astrophysics Data System},
	Adsurl = {https://ui.adsabs.harvard.edu/#abs/2017NatAs...1..633P},
	Author = {{Pearson}, Sarah and {Price-Whelan}, Adrian M. and {Johnston}, Kathryn V.},
	Doi = {10.1038/s41550-017-0220-3},
	Journal = {Nature Astronomy},
	Keywords = {Astrophysics - Astrophysics of Galaxies},
	Month = Sep,
	Pages = {633-639},
	Title = {{Gaps and length asymmetry in the stellar stream Palomar 5 as effects of Galactic bar rotation}},
	Volume = {1},
	Year = 2017,
	Bdsk-Url-1 = {https://dx.doi.org/10.1038/s41550-017-0220-3}}

@article{Amorisco:2016,
	Adsnote = {Provided by the SAO/NASA Astrophysics Data System},
	Adsurl = {https://ui.adsabs.harvard.edu/#abs/2016MNRAS.463L..17A},
	Author = {{Amorisco}, Nicola C. and {G{\'o}mez}, Facundo A. and {Vegetti}, Simona and {White}, Simon D.~M.},
	Doi = {10.1093/mnrasl/slw148},
	Journal = {\mnras},
	Keywords = {galaxies: haloes, galaxies: kinematics and dynamics, galaxies: structure, cosmology: theory, dark matter, Astrophysics - Astrophysics of Galaxies, Astrophysics - Cosmology and Nongalactic Astrophysics},
	Month = Nov,
	Pages = {L17-L21},
	Title = {{Gaps in globular cluster streams: giant molecular clouds can cause them too}},
	Volume = {463},
	Year = 2016,
	Bdsk-Url-1 = {https://dx.doi.org/10.1093/mnrasl/slw148}}

@article{Carlberg:2013,
	Adsnote = {Provided by the SAO/NASA Astrophysics Data System},
	Adsurl = {https://ui.adsabs.harvard.edu/#abs/2013ApJ...768..171C},
	Author = {{Carlberg}, R.~G. and {Grillmair}, C.~J.},
	Doi = {10.1088/0004-637X/768/2/171},
	Journal = {\apj},
	Keywords = {dark matter, galaxies: dwarf, Local Group, Astrophysics - Cosmology and Nongalactic Astrophysics},
	Month = May,
	Title = {{Gaps in the GD-1 Star Stream}},
	Volume = {768},
	Year = 2013,
	Bdsk-Url-1 = {https://dx.doi.org/10.1088/0004-637X/768/2/171}}

@article{Erkal:2016,
	Adsnote = {Provided by the SAO/NASA Astrophysics Data System},
	Adsurl = {https://ui.adsabs.harvard.edu/#abs/2016MNRAS.463..102E},
	Author = {{Erkal}, Denis and {Belokurov}, Vasily and {Bovy}, Jo and {Sanders}, Jason L.},
	Doi = {10.1093/mnras/stw1957},
	Journal = {\mnras},
	Keywords = {Galaxy: fundamental parameters, galaxies: haloes, galaxies: structure, dark matter, Astrophysics - Astrophysics of Galaxies},
	Month = Nov,
	Pages = {102-119},
	Title = {{The number and size of subhalo-induced gaps in stellar streams}},
	Volume = {463},
	Year = 2016,
	Bdsk-Url-1 = {https://dx.doi.org/10.1093/mnras/stw1957}}

@article{Prusti:2016,
	Adsnote = {Provided by the SAO/NASA Astrophysics Data System},
	Adsurl = {https://ui.adsabs.harvard.edu/#abs/2016A&A...595A...1G},
	Author = {{Gaia Collaboration} and {Prusti}, T. and {de Bruijne}, J.~H.~J. and {Brown}, A.~G.~A. and {Vallenari}, A. and {Babusiaux}, C. and {Bailer-Jones}, C.~A.~L. and {Bastian}, U. and {Biermann}, M. and {Evans}, D.~W. and {Eyer}, L. and {Jansen}, F. and {Jordi}, C. and {Klioner}, S.~A. and {Lammers}, U. and {Lindegren}, L. and {Luri}, X. and {Mignard}, F. and {Milligan}, D.~J. and {Panem}, C. and {Poinsignon}, V. and {Pourbaix}, D. and {Randich}, S. and {Sarri}, G. and {Sartoretti}, P. and {Siddiqui}, H.~I. and {Soubiran}, C. and {Valette}, V. and {van Leeuwen}, F. and {Walton}, N.~A. and {Aerts}, C. and {Arenou}, F. and {Cropper}, M. and {Drimmel}, R. and {H{\o}g}, E. and {Katz}, D. and {Lattanzi}, M.~G. and {O'Mullane}, W. and {Grebel}, E.~K. and {Holland}, A.~D. and {Huc}, C. and {Passot}, X. and {Bramante}, L. and {Cacciari}, C. and {Casta{\~n}eda}, J. and {Chaoul}, L. and {Cheek}, N. and {De Angeli}, F. and {Fabricius}, C. and {Guerra}, R. and {Hern{\'a}ndez}, J. and {Jean-Antoine-Piccolo}, A. and {Masana}, E. and {Messineo}, R. and {Mowlavi}, N. and {Nienartowicz}, K. and {Ord{\'o}{\~n}ez- Blanco}, D. and {Panuzzo}, P. and {Portell}, J. and {Richards}, P.~J. and {Riello}, M. and {Seabroke}, G.~M. and {Tanga}, P. and {Th{\'e}venin}, F. and {Torra}, J. and {Els}, S.~G. and {Gracia- Abril}, G. and {Comoretto}, G. and {Garcia-Reinaldos}, M. and {Lock}, T. and {Mercier}, E. and {Altmann}, M. and {Andrae}, R. and {Astraatmadja}, T.~L. and {Bellas-Velidis}, I. and {Benson}, K. and {Berthier}, J. and {Blomme}, R. and {Busso}, G. and {Carry}, B. and {Cellino}, A. and {Clementini}, G. and {Cowell}, S. and {Creevey}, O. and {Cuypers}, J. and {Davidson}, M. and {De Ridder}, J. and {de Torres}, A. and {Delchambre}, L. and {Dell'Oro}, A. and {Ducourant}, C. and {Fr{\'e}mat}, Y. and {Garc{\'\i}a-Torres}, M. and {Gosset}, E. and {Halbwachs}, J. -L. and {Hambly}, N.~C. and {Harrison}, D.~L. and {Hauser}, M. and {Hestroffer}, D. and {Hodgkin}, S.~T. and {Huckle}, H.~E. and {Hutton}, A. and {Jasniewicz}, G. and {Jordan}, S. and {Kontizas}, M. and {Korn}, A.~J. and {Lanzafame}, A.~C. and {Manteiga}, M. and {Moitinho}, A. and {Muinonen}, K. and {Osinde}, J. and {Pancino}, E. and {Pauwels}, T. and {Petit}, J. -M. and {Recio-Blanco}, A. and {Robin}, A.~C. and {Sarro}, L.~M. and {Siopis}, C. and {Smith}, M. and {Smith}, K.~W. and {Sozzetti}, A. and {Thuillot}, W. and {van Reeven}, W. and {Viala}, Y. and {Abbas}, U. and {Abreu Aramburu}, A. and {Accart}, S. and {Aguado}, J.~J. and {Allan}, P.~M. and {Allasia}, W. and {Altavilla}, G. and {{\'A}lvarez}, M.~A. and {Alves}, J. and {Anderson}, R.~I. and {Andrei}, A.~H. and {Anglada Varela}, E. and {Antiche}, E. and {Antoja}, T. and {Ant{\'o}n}, S. and {Arcay}, B. and {Atzei}, A. and {Ayache}, L. and {Bach}, N. and {Baker}, S.~G. and {Balaguer-N{\'u}{\~n}ez}, L. and {Barache}, C. and {Barata}, C. and {Barbier}, A. and {Barblan}, F. and {Baroni}, M. and {Barrado y Navascu{\'e}s}, D. and {Barros}, M. and {Barstow}, M.~A. and {Becciani}, U. and {Bellazzini}, M. and {Bellei}, G. and {Bello Garc{\'\i}a}, A. and {Belokurov}, V. and {Bendjoya}, P. and {Berihuete}, A. and {Bianchi}, L. and {Bienaym{\'e}}, O. and {Billebaud}, F. and {Blagorodnova}, N. and {Blanco-Cuaresma}, S. and {Boch}, T. and {Bombrun}, A. and {Borrachero}, R. and {Bouquillon}, S. and {Bourda}, G. and {Bouy}, H. and {Bragaglia}, A. and {Breddels}, M.~A. and {Brouillet}, N. and {Br{\"u}semeister}, T. and {Bucciarelli}, B. and {Budnik}, F. and {Burgess}, P. and {Burgon}, R. and {Burlacu}, A. and {Busonero}, D. and {Buzzi}, R. and {Caffau}, E. and {Cambras}, J. and {Campbell}, H. and {Cancelliere}, R. and {Cantat-Gaudin}, T. and {Carlucci}, T. and {Carrasco}, J.~M. and {Castellani}, M. and {Charlot}, P. and {Charnas}, J. and {Charvet}, P. and {Chassat}, F. and {Chiavassa}, A. and {Clotet}, M. and {Cocozza}, G. and {Collins}, R.~S. and {Collins}, P. and {Costigan}, G. and {Crifo}, F. and {Cross}, N.~J.~G. and {Crosta}, M. and {Crowley}, C. and {Dafonte}, C. and {Damerdji}, Y. and {Dapergolas}, A. and {David}, P. and {David}, M. and {De Cat}, P. and {de Felice}, F. and {de Laverny}, P. and {De Luise}, F. and {De March}, R. and {de Martino}, D. and {de Souza}, R. and {Debosscher}, J. and {del Pozo}, E. and {Delbo}, M. and {Delgado}, A. and {Delgado}, H.~E. and {di Marco}, F. and {Di Matteo}, P. and {Diakite}, S. and {Distefano}, E. and {Dolding}, C. and {Dos Anjos}, S. and {Drazinos}, P. and {Dur{\'a}n}, J. and {Dzigan}, Y. and {Ecale}, E. and {Edvardsson}, B. and {Enke}, H. and {Erdmann}, M. and {Escolar}, D. and {Espina}, M. and {Evans}, N.~W. and {Eynard Bontemps}, G. and {Fabre}, C. and {Fabrizio}, M. and {Faigler}, S. and {Falc{\~a}o}, A.~J. and {Farr{\`a}s Casas}, M. and {Faye}, F. and {Federici}, L. and {Fedorets}, G. and {Fern{\'a}ndez-Hern{\'a}ndez}, J. and {Fernique}, P. and {Fienga}, A. and {Figueras}, F. and {Filippi}, F. and {Findeisen}, K. and {Fonti}, A. and {Fouesneau}, M. and {Fraile}, E. and {Fraser}, M. and {Fuchs}, J. and {Furnell}, R. and {Gai}, M. and {Galleti}, S. and {Galluccio}, L. and {Garabato}, D. and {Garc{\'\i}a-Sedano}, F. and {Gar{\'e}}, P. and {Garofalo}, A. and {Garralda}, N. and {Gavras}, P. and {Gerssen}, J. and {Geyer}, R. and {Gilmore}, G. and {Girona}, S. and {Giuffrida}, G. and {Gomes}, M. and {Gonz{\'a}lez-Marcos}, A. and {Gonz{\'a}lez-N{\'u}{\~n}ez}, J. and {Gonz{\'a}lez-Vidal}, J.~J. and {Granvik}, M. and {Guerrier}, A. and {Guillout}, P. and {Guiraud}, J. and {G{\'u}rpide}, A. and {Guti{\'e}rrez-S{\'a}nchez}, R. and {Guy}, L.~P. and {Haigron}, R. and {Hatzidimitriou}, D. and {Haywood}, M. and {Heiter}, U. and {Helmi}, A. and {Hobbs}, D. and {Hofmann}, W. and {Holl}, B. and {Holland}, G. and {Hunt}, J.~A.~S. and {Hypki}, A. and {Icardi}, V. and {Irwin}, M. and {Jevardat de Fombelle}, G. and {Jofr{\'e}}, P. and {Jonker}, P.~G. and {Jorissen}, A. and {Julbe}, F. and {Karampelas}, A. and {Kochoska}, A. and {Kohley}, R. and {Kolenberg}, K. and {Kontizas}, E. and {Koposov}, S.~E. and {Kordopatis}, G. and {Koubsky}, P. and {Kowalczyk}, A. and {Krone-Martins}, A. and {Kudryashova}, M. and {Kull}, I. and {Bachchan}, R.~K. and {Lacoste-Seris}, F. and {Lanza}, A.~F. and {Lavigne}, J. -B. and {Le Poncin-Lafitte}, C. and {Lebreton}, Y. and {Lebzelter}, T. and {Leccia}, S. and {Leclerc}, N. and {Lecoeur-Taibi}, I. and {Lemaitre}, V. and {Lenhardt}, H. and {Leroux}, F. and {Liao}, S. and {Licata}, E. and {Lindstr{\o}m}, H.~E.~P. and {Lister}, T.~A. and {Livanou}, E. and {Lobel}, A. and {L{\"o}ffler}, W. and {L{\'o}pez}, M. and {Lopez-Lozano}, A. and {Lorenz}, D. and {Loureiro}, T. and {MacDonald}, I. and {Magalh{\~a}es Fernandes}, T. and {Managau}, S. and {Mann}, R.~G. and {Mantelet}, G. and {Marchal}, O. and {Marchant}, J.~M. and {Marconi}, M. and {Marie}, J. and {Marinoni}, S. and {Marrese}, P.~M. and {Marschalk{\'o}}, G. and {Marshall}, D.~J. and {Mart{\'\i}n-Fleitas}, J.~M. and {Martino}, M. and {Mary}, N. and {Matijevi{\v{c}}}, G. and {Mazeh}, T. and {McMillan}, P.~J. and {Messina}, S. and {Mestre}, A. and {Michalik}, D. and {Millar}, N.~R. and {Miranda}, B.~M.~H. and {Molina}, D. and {Molinaro}, R. and {Molinaro}, M. and {Moln{\'a}r}, L. and {Moniez}, M. and {Montegriffo}, P. and {Monteiro}, D. and {Mor}, R. and {Mora}, A. and {Morbidelli}, R. and {Morel}, T. and {Morgenthaler}, S. and {Morley}, T. and {Morris}, D. and {Mulone}, A.~F. and {Muraveva}, T. and {Musella}, I. and {Narbonne}, J. and {Nelemans}, G. and {Nicastro}, L. and {Noval}, L. and {Ord{\'e}novic}, C. and {Ordieres-Mer{\'e}}, J. and {Osborne}, P. and {Pagani}, C. and {Pagano}, I. and {Pailler}, F. and {Palacin}, H. and {Palaversa}, L. and {Parsons}, P. and {Paulsen}, T. and {Pecoraro}, M. and {Pedrosa}, R. and {Pentik{\"a}inen}, H. and {Pereira}, J. and {Pichon}, B. and {Piersimoni}, A.~M. and {Pineau}, F. -X. and {Plachy}, E. and {Plum}, G. and {Poujoulet}, E. and {Pr{\v{s}}a}, A. and {Pulone}, L. and {Ragaini}, S. and {Rago}, S. and {Rambaux}, N. and {Ramos-Lerate}, M. and {Ranalli}, P. and {Rauw}, G. and {Read}, A. and {Regibo}, S. and {Renk}, F. and {Reyl{\'e}}, C. and {Ribeiro}, R.~A. and {Rimoldini}, L. and {Ripepi}, V. and {Riva}, A. and {Rixon}, G. and {Roelens}, M. and {Romero-G{\'o}mez}, M. and {Rowell}, N. and {Royer}, F. and {Rudolph}, A. and {Ruiz-Dern}, L. and {Sadowski}, G. and {Sagrist{\`a} Sell{\'e}s}, T. and {Sahlmann}, J. and {Salgado}, J. and {Salguero}, E. and {Sarasso}, M. and {Savietto}, H. and {Schnorhk}, A. and {Schultheis}, M. and {Sciacca}, E. and {Segol}, M. and {Segovia}, J.~C. and {Segransan}, D. and {Serpell}, E. and {Shih}, I. -C. and {Smareglia}, R. and {Smart}, R.~L. and {Smith}, C. and {Solano}, E. and {Solitro}, F. and {Sordo}, R. and {Soria Nieto}, S. and {Souchay}, J. and {Spagna}, A. and {Spoto}, F. and {Stampa}, U. and {Steele}, I.~A. and {Steidelm{\"u}ller}, H. and {Stephenson}, C.~A. and {Stoev}, H. and {Suess}, F.~F. and {S{\"u}veges}, M. and {Surdej}, J. and {Szabados}, L. and {Szegedi-Elek}, E. and {Tapiador}, D. and {Taris}, F. and {Tauran}, G. and {Taylor}, M.~B. and {Teixeira}, R. and {Terrett}, D. and {Tingley}, B. and {Trager}, S.~C. and {Turon}, C. and {Ulla}, A. and {Utrilla}, E. and {Valentini}, G. and {van Elteren}, A. and {Van Hemelryck}, E. and {van Leeuwen}, M. and {Varadi}, M. and {Vecchiato}, A. and {Veljanoski}, J. and {Via}, T. and {Vicente}, D. and {Vogt}, S. and {Voss}, H. and {Votruba}, V. and {Voutsinas}, S. and {Walmsley}, G. and {Weiler}, M. and {Weingrill}, K. and {Werner}, D. and {Wevers}, T. and {Whitehead}, G. and {Wyrzykowski}, {\L}. and {Yoldas}, A. and {{\v{Z}}erjal}, M. and {Zucker}, S. and {Zurbach}, C. and {Zwitter}, T. and {Alecu}, A. and {Allen}, M. and {Allende Prieto}, C. and {Amorim}, A. and {Anglada-Escud{\'e}}, G. and {Arsenijevic}, V. and {Azaz}, S. and {Balm}, P. and {Beck}, M. and {Bernstein}, H. -H. and {Bigot}, L. and {Bijaoui}, A. and {Blasco}, C. and {Bonfigli}, M. and {Bono}, G. and {Boudreault}, S. and {Bressan}, A. and {Brown}, S. and {Brunet}, P. -M. and {Bunclark}, P. and {Buonanno}, R. and {Butkevich}, A.~G. and {Carret}, C. and {Carrion}, C. and {Chemin}, L. and {Ch{\'e}reau}, F. and {Corcione}, L. and {Darmigny}, E. and {de Boer}, K.~S. and {de Teodoro}, P. and {de Zeeuw}, P.~T. and {Delle Luche}, C. and {Domingues}, C.~D. and {Dubath}, P. and {Fodor}, F. and {Fr{\'e}zouls}, B. and {Fries}, A. and {Fustes}, D. and {Fyfe}, D. and {Gallardo}, E. and {Gallegos}, J. and {Gardiol}, D. and {Gebran}, M. and {Gomboc}, A. and {G{\'o}mez}, A. and {Grux}, E. and {Gueguen}, A. and {Heyrovsky}, A. and {Hoar}, J. and {Iannicola}, G. and {Isasi Parache}, Y. and {Janotto}, A. -M. and {Joliet}, E. and {Jonckheere}, A. and {Keil}, R. and {Kim}, D. -W. and {Klagyivik}, P. and {Klar}, J. and {Knude}, J. and {Kochukhov}, O. and {Kolka}, I. and {Kos}, J. and {Kutka}, A. and {Lainey}, V. and {LeBouquin}, D. and {Liu}, C. and {Loreggia}, D. and {Makarov}, V.~V. and {Marseille}, M.~G. and {Martayan}, C. and {Martinez-Rubi}, O. and {Massart}, B. and {Meynadier}, F. and {Mignot}, S. and {Munari}, U. and {Nguyen}, A. -T. and {Nordlander}, T. and {Ocvirk}, P. and {O'Flaherty}, K.~S. and {Olias Sanz}, A. and {Ortiz}, P. and {Osorio}, J. and {Oszkiewicz}, D. and {Ouzounis}, A. and {Palmer}, M. and {Park}, P. and {Pasquato}, E. and {Peltzer}, C. and {Peralta}, J. and {P{\'e}turaud}, F. and {Pieniluoma}, T. and {Pigozzi}, E. and {Poels}, J. and {Prat}, G. and {Prod'homme}, T. and {Raison}, F. and {Rebordao}, J.~M. and {Risquez}, D. and {Rocca-Volmerange}, B. and {Rosen}, S. and {Ruiz-Fuertes}, M.~I. and {Russo}, F. and {Sembay}, S. and {Serraller Vizcaino}, I. and {Short}, A. and {Siebert}, A. and {Silva}, H. and {Sinachopoulos}, D. and {Slezak}, E. and {Soffel}, M. and {Sosnowska}, D. and {Strai{\v{z}}ys}, V. and {ter Linden}, M. and {Terrell}, D. and {Theil}, S. and {Tiede}, C. and {Troisi}, L. and {Tsalmantza}, P. and {Tur}, D. and {Vaccari}, M. and {Vachier}, F. and {Valles}, P. and {Van Hamme}, W. and {Veltz}, L. and {Virtanen}, J. and {Wallut}, J. -M. and {Wichmann}, R. and {Wilkinson}, M.~I. and {Ziaeepour}, H. and {Zschocke}, S.},
	Doi = {10.1051/0004-6361/201629272},
	Journal = {\aap},
	Keywords = {space vehicles: instruments, Galaxy: structure, astrometry, parallaxes, proper motions, telescopes, Astrophysics - Instrumentation and Methods for Astrophysics},
	Month = Nov,
	Title = {{The Gaia mission}},
	Volume = {595},
	Year = 2016,
	Bdsk-Url-1 = {https://dx.doi.org/10.1051/0004-6361/201629272}}

@article{Bowden:2015,
	Adsnote = {Provided by the SAO/NASA Astrophysics Data System},
	Adsurl = {http://adsabs.harvard.edu/abs/2015MNRAS.449.1391B},
	Archiveprefix = {arXiv},
	Author = {{Bowden}, A. and {Belokurov}, V. and {Evans}, N.~W.},
	Doi = {10.1093/mnras/stv285},
	Eprint = {1502.00484},
	Journal = {\mnras},
	Keywords = {galaxies: fundamental parameters, galaxies: haloes, galaxies: kinematics and dynamics},
	Month = may,
	Pages = {1391-1400},
	Title = {{Dipping our toes in the water: first models of GD-1 as a stream}},
	Volume = 449,
	Year = 2015,
	Bdsk-Url-1 = {https://dx.doi.org/10.1093/mnras/stv285}}

@article{Allgood:2006,
	Adsnote = {Provided by the SAO/NASA Astrophysics Data System},
	Adsurl = {http://adsabs.harvard.edu/abs/2006MNRAS.367.1781A},
	Author = {{Allgood}, B. and {Flores}, R.~A. and {Primack}, J.~R. and {Kravtsov}, A.~V. and {Wechsler}, R.~H. and {Faltenbacher}, A. and {Bullock}, J.~S.},
	Doi = {10.1111/j.1365-2966.2006.10094.x},
	Eprint = {astro-ph/0508497},
	Journal = {\mnras},
	Keywords = {galaxies: formation, galaxies: haloes, cosmology: theory, large-scale structure of Universe},
	Month = apr,
	Pages = {1781-1796},
	Title = {{The shape of dark matter haloes: dependence on mass, redshift, radius and formation}},
	Volume = 367,
	Year = 2006,
	Bdsk-Url-1 = {https://dx.doi.org/10.1111/j.1365-2966.2006.10094.x}}

@article{Zhu:2016,
	Adsnote = {Provided by the SAO/NASA Astrophysics Data System},
	Adsurl = {http://adsabs.harvard.edu/abs/2016MNRAS.458.1559Z},
	Archiveprefix = {arXiv},
	Author = {{Zhu}, Q. and {Marinacci}, F. and {Maji}, M. and {Li}, Y. and {Springel}, V. and {Hernquist}, L.},
	Doi = {10.1093/mnras/stw374},
	Eprint = {1506.05537},
	Journal = {\mnras},
	Keywords = {methods: numerical, galaxies: evolution, dark matter},
	Month = may,
	Pages = {1559-1580},
	Title = {{Baryonic impact on the dark matter distribution in Milky Way-sized galaxies and their satellites}},
	Volume = 458,
	Year = 2016,
	Bdsk-Url-1 = {https://dx.doi.org/10.1093/mnras/stw374}}

@article{Diemand:2008,
	Adsnote = {Provided by the SAO/NASA Astrophysics Data System},
	Adsurl = {http://adsabs.harvard.edu/abs/2008Natur.454..735D},
	Archiveprefix = {arXiv},
	Author = {{Diemand}, J. and {Kuhlen}, M. and {Madau}, P. and {Zemp}, M. and {Moore}, B. and {Potter}, D. and {Stadel}, J.},
	Doi = {10.1038/nature07153},
	Eprint = {0805.1244},
	Journal = {\nat},
	Month = aug,
	Pages = {735-738},
	Title = {{Clumps and streams in the local dark matter distribution}},
	Volume = 454,
	Year = 2008,
	Bdsk-Url-1 = {https://dx.doi.org/10.1038/nature07153}}

@article{Springel:2008,
	Adsnote = {Provided by the SAO/NASA Astrophysics Data System},
	Adsurl = {http://adsabs.harvard.edu/abs/2008MNRAS.391.1685S},
	Archiveprefix = {arXiv},
	Author = {{Springel}, V. and {Wang}, J. and {Vogelsberger}, M. and {Ludlow}, A. and {Jenkins}, A. and {Helmi}, A. and {Navarro}, J.~F. and {Frenk}, C.~S. and {White}, S.~D.~M.},
	Doi = {10.1111/j.1365-2966.2008.14066.x},
	Eprint = {0809.0898},
	Journal = {\mnras},
	Keywords = {methods: numerical , dark matter},
	Month = dec,
	Pages = {1685-1711},
	Title = {{The Aquarius Project: the subhaloes of galactic haloes}},
	Volume = 391,
	Year = 2008,
	Bdsk-Url-1 = {https://dx.doi.org/10.1111/j.1365-2966.2008.14066.x}}

@article{Ngan:2014,
	Adsnote = {Provided by the SAO/NASA Astrophysics Data System},
	Adsurl = {http://adsabs.harvard.edu/abs/2014ApJ...788..181N},
	Archiveprefix = {arXiv},
	Author = {{Ngan}, W.~H.~W. and {Carlberg}, R.~G.},
	Doi = {10.1088/0004-637X/788/2/181},
	Eid = {181},
	Eprint = {1311.1710},
	Journal = {\apj},
	Keywords = {dark matter, galaxies: dwarf, galaxies: interactions, Galaxy: kinematics and dynamics},
	Month = jun,
	Pages = {181},
	Title = {{Using Gaps in N-body Tidal Streams to Probe Missing Satellites}},
	Volume = 788,
	Year = 2014,
	Bdsk-Url-1 = {https://dx.doi.org/10.1088/0004-637X/788/2/181}}

@article{Bullock:2017,
	Adsnote = {Provided by the SAO/NASA Astrophysics Data System},
	Adsurl = {http://adsabs.harvard.edu/abs/2017ARA%26A..55..343B},
	Archiveprefix = {arXiv},
	Author = {{Bullock}, J.~S. and {Boylan-Kolchin}, M.},
	Doi = {10.1146/annurev-astro-091916-055313},
	Eprint = {1707.04256},
	Journal = {\araa},
	Month = aug,
	Pages = {343-387},
	Title = {{Small-Scale Challenges to the {$\Lambda$}CDM Paradigm}},
	Volume = 55,
	Year = 2017,
	Bdsk-Url-1 = {https://dx.doi.org/10.1146/annurev-astro-091916-055313}}


@article{ps1,
	Adsnote = {Provided by the SAO/NASA Astrophysics Data System},
	Adsurl = {http://adsabs.harvard.edu/abs/2016arXiv161205560C},
	Archiveprefix = {arXiv},
	Author = {{Chambers}, K.~C. and {Magnier}, E.~A. and {Metcalfe}, N. and {Flewelling}, H.~A. and {Huber}, M.~E. and {Waters}, C.~Z. and {Denneau}, L. and {Draper}, P.~W. and {Farrow}, D. and {Finkbeiner}, D.~P. and {Holmberg}, C. and {Koppenhoefer}, J. and {Price}, P.~A. and {Saglia}, R.~P. and {Schlafly}, E.~F. and {Smartt}, S.~J. and {Sweeney}, W. and {Wainscoat}, R.~J. and {Burgett}, W.~S. and {Grav}, T. and {Heasley}, J.~N. and {Hodapp}, K.~W. and {Jedicke}, R. and {Kaiser}, N. and {Kudritzki}, R.-P. and {Luppino}, G.~A. and {Lupton}, R.~H. and {Monet}, D.~G. and {Morgan}, J.~S. and {Onaka}, P.~M. and {Stubbs}, C.~W. and {Tonry}, J.~L. and {Banados}, E. and {Bell}, E.~F. and {Bender}, R. and {Bernard}, E.~J. and {Botticella}, M.~T. and {Casertano}, S. and {Chastel}, S. and {Chen}, W.-P. and {Chen}, X. and {Cole}, S. and {Deacon}, N. and {Frenk}, C. and {Fitzsimmons}, A. and {Gezari}, S. and {Goessl}, C. and {Goggia}, T. and {Goldman}, B. and {Grebel}, E.~K. and {Hambly}, N.~C. and {Hasinger}, G. and {Heavens}, A.~F. and {Heckman}, T.~M. and {Henderson}, R. and {Henning}, T. and {Holman}, M. and {Hopp}, U. and {Ip}, W.-H. and {Isani}, S. and {Keyes}, C.~D. and {Koekemoer}, A. and {Kotak}, R. and {Long}, K.~S. and {Lucey}, J.~R and {Liu}, M. and {Martin}, N.~F. and {McLean}, B. and {Morganson}, E. and {Murphy}, D.~N.~A. and {Nieto-Santisteban}, M.~A. and {Norberg}, P. and {Peacock}, J.~A. and {Pier}, E.~A. and {Postman}, M. and {Primak}, N. and {Rae}, C. and {Rest}, A. and {Riess}, A. and {Riffeser}, A. and {Rix}, H.~W. and {Roser}, S. and {Schilbach}, E. and {Schultz}, A.~S.~B. and {Scolnic}, D. and {Szalay}, A. and {Seitz}, S. and {Shiao}, B. and {Small}, E. and {Smith}, K.~W. and {Soderblom}, D. and {Taylor}, A.~N. and {Thakar}, A.~R. and {Thiel}, J. and {Thilker}, D. and {Urata}, Y. and {Valenti}, J. and {Walter}, F. and {Watters}, S.~P. and {Werner}, S. and {White}, R. and {Wood-Vasey}, W.~M. and {Wyse}, R.},
	Eprint = {1612.05560},
	Journal = {ArXiv e-prints},
	Keywords = {Astrophysics - Instrumentation and Methods for Astrophysics, Astrophysics - Earth and Planetary Astrophysics, Astrophysics - Astrophysics of Galaxies, Astrophysics - Solar and Stellar Astrophysics},
	Month = dec,
	Primaryclass = {astro-ph.IM},
	Title = {{The Pan-STARRS1 Surveys}},
	Year = 2016}

@article{Schlegel:1998,
	Adsnote = {Provided by the SAO/NASA Astrophysics Data System},
	Adsurl = {http://adsabs.harvard.edu/abs/1998ApJ...500..525S},
	Author = {{Schlegel}, D.~J. and {Finkbeiner}, D.~P. and {Davis}, M.},
	Doi = {10.1086/305772},
	Eprint = {astro-ph/9710327},
	Journal = {\apj},
	Keywords = {COSMOLOGY: DIFFUSE RADIATION, COSMOLOGY: COSMIC MICROWAVE BACKGROUND, ISM: DUST, EXTINCTION, INTERPLANETARY MEDIUM, INFRARED: ISM: CONTINUUM, Cosmology: Cosmic Microwave Background, Cosmology: Diffuse Radiation, ISM: Dust, Extinction, Infrared: ISM: Continuum, Interplanetary Medium},
	Month = jun,
	Pages = {525-553},
	Title = {{Maps of Dust Infrared Emission for Use in Estimation of Reddening and Cosmic Microwave Background Radiation Foregrounds}},
	Volume = 500,
	Year = 1998,
	Bdsk-Url-1 = {https://dx.doi.org/10.1086/305772}}

@article{Schlafly:2011,
	Adsnote = {Provided by the SAO/NASA Astrophysics Data System},
	Adsurl = {http://adsabs.harvard.edu/abs/2011ApJ...737..103S},
	Archiveprefix = {arXiv},
	Author = {{Schlafly}, E.~F. and {Finkbeiner}, D.~P.},
	Doi = {10.1088/0004-637X/737/2/103},
	Eid = {103},
	Eprint = {1012.4804},
	Journal = {\apj},
	Keywords = {dust, extinction, Galaxy: stellar content, ISM: clouds},
	Month = aug,
	Pages = {103},
	Primaryclass = {astro-ph.GA},
	Title = {{Measuring Reddening with Sloan Digital Sky Survey Stellar Spectra and Recalibrating SFD}},
	Volume = 737,
	Year = 2011,
	Bdsk-Url-1 = {https://dx.doi.org/10.1088/0004-637X/737/2/103}}

@article{Kupper:2012,
	Adsnote = {Provided by the SAO/NASA Astrophysics Data System},
	Adsurl = {http://adsabs.harvard.edu/abs/2012MNRAS.420.2700K},
	Archiveprefix = {arXiv},
	Author = {{K{\"u}pper}, A.~H.~W. and {Lane}, R.~R. and {Heggie}, D.~C.},
	Doi = {10.1111/j.1365-2966.2011.20242.x},
	Eprint = {1111.5013},
	Journal = {\mnras},
	Keywords = {methods: numerical, globular clusters: general, Galaxy: kinematics and dynamics, galaxies: star clusters: general},
	Month = mar,
	Pages = {2700-2714},
	Title = {{More on the structure of tidal tails}},
	Volume = 420,
	Year = 2012,
	Bdsk-Url-1 = {https://dx.doi.org/10.1111/j.1365-2966.2011.20242.x}}

@article{Bovy:2014,
	Adsnote = {Provided by the SAO/NASA Astrophysics Data System},
	Adsurl = {https://ui.adsabs.harvard.edu/#abs/2014ApJ...795...95B},
	Author = {{Bovy}, Jo},
	Doi = {10.1088/0004-637X/795/1/95},
	Journal = {\apj},
	Keywords = {dark matter, galaxies: interactions, Galaxy: halo, Galaxy: kinematics and dynamics, Galaxy: structure, Astrophysics - Astrophysics of Galaxies, Astrophysics - Cosmology and Nongalactic Astrophysics},
	Month = Nov,
	Title = {{Dynamical Modeling of Tidal Streams}},
	Volume = {795},
	Year = 2014,
	Bdsk-Url-1 = {https://dx.doi.org/10.1088/0004-637X/795/1/95}}

@article{Kupper:2015,
	Adsnote = {Provided by the SAO/NASA Astrophysics Data System},
	Adsurl = {http://adsabs.harvard.edu/abs/2015ApJ...803...80K},
	Archiveprefix = {arXiv},
	Author = {{K{\"u}pper}, A.~H.~W. and {Balbinot}, E. and {Bonaca}, A. and {Johnston}, K.~V. and {Hogg}, D.~W. and {Kroupa}, P. and {Santiago}, B.~X.},
	Doi = {10.1088/0004-637X/803/2/80},
	Eid = {80},
	Eprint = {1502.02658},
	Journal = {\apj},
	Keywords = {dark matter, Galaxy: fundamental parameters, Galaxy: halo, Galaxy: kinematics and dynamics, Galaxy: structure, globular clusters: individual: Palomar 5},
	Month = apr,
	Pages = {80},
	Title = {{Globular Cluster Streams as Galactic High-Precision Scales{\mdash}the Poster Child Palomar 5}},
	Volume = 803,
	Year = 2015,
	Bdsk-Url-1 = {https://dx.doi.org/10.1088/0004-637X/803/2/80}}

@article{Malhan:2018,
   author = {{Malhan}, K. and {Ibata}, R.~A. and {Martin}, N.~F.},
    title = "{Ghostly Tributaries to the Milky Way: Charting the Halo's Stellar Streams with the Gaia DR2 catalogue}",
  journal = {ArXiv e-prints},
archivePrefix = "arXiv",
   eprint = {1804.11339},
 keywords = {Astrophysics - Astrophysics of Galaxies},
     year = 2018,
    month = apr,
   adsurl = {http://adsabs.harvard.edu/abs/2018arXiv180411339M},
  adsnote = {Provided by the SAO/NASA Astrophysics Data System}
}

@article{Foreman-Mackey:2013,
	Adsnote = {Provided by the SAO/NASA Astrophysics Data System},
	Adsurl = {http://adsabs.harvard.edu/abs/2013PASP..125..306F},
	Archiveprefix = {arXiv},
	Author = {{Foreman-Mackey}, D. and {Hogg}, D.~W. and {Lang}, D. and {Goodman}, J.},
	Date-Added = {2018-02-20 21:38:23 +0000},
	Date-Modified = {2018-02-20 21:38:23 +0000},
	Doi = {10.1086/670067},
	Eprint = {1202.3665},
	Journal = {\pasp},
	Month = mar,
	Pages = {306-312},
	Primaryclass = {astro-ph.IM},
	Title = {{emcee: The MCMC Hammer}},
	Volume = 125,
	Year = 2013,
	Bdsk-Url-1 = {http://dx.doi.org/10.1086/670067}}

@article{astropy:2018,
       author = {{Price-Whelan}, A.~M. and {Sip{\'{o}}cz}, B.~M. and {G{\"u}nther}, H.~M.
        and {Lim}, P.~L. and {Crawford}, S.~M. and {Conseil}, S. and
        {Shupe}, D.~L. and {Craig}, M.~W. and {Dencheva}, N. and
        {Ginsburg}, A. and {VanderPlas}, J.~T. and {Bradley}, L.~D. and
        {P{\'e}rez-Su{\'a}rez}, D. and {de Val-Borro}, M. and {Paper
        Contributors}, (Primary and {Aldcroft}, T.~L. and {Cruz}, K.~L.
        and {Robitaille}, T.~P. and {Tollerud}, E.~J. and {Coordination
        Committee}, (Astropy and {Ardelean}, C. and {Babej}, T. and
        {Bach}, Y.~P. and {Bachetti}, M. and {Bakanov}, A.~V. and
        {Bamford}, S.~P. and {Barentsen}, G. and {Barmby}, P. and
        {Baumbach}, A. and {Berry}, K.~L. and {Biscani}, F. and
        {Boquien}, M. and {Bostroem}, K.~A. and {Bouma}, L.~G. and
        {Brammer}, G.~B. and {Bray}, E.~M. and {Breytenbach}, H. and
        {Buddelmeijer}, H. and {Burke}, D.~J. and {Calderone}, G. and
        {Cano Rodr{\'\i}guez}, J.~L. and {Cara}, M. and {Cardoso},
        J.~V.~M. and {Cheedella}, S. and {Copin}, Y. and {Corrales}, L.
        and {Crichton}, D. and {D{\textquoteright}Avella}, D. and
        {Deil}, C. and {Depagne}, {\'E}. and {Dietrich}, J.~P. and
        {Donath}, A. and {Droettboom}, M. and {Earl}, N. and {Erben}, T.
        and {Fabbro}, S. and {Ferreira}, L.~A. and {Finethy}, T. and
        {Fox}, R.~T. and {Garrison}, L.~H. and {Gibbons}, S.~L.~J. and
        {Goldstein}, D.~A. and {Gommers}, R. and {Greco}, J.~P. and
        {Greenfield}, P. and {Groener}, A.~M. and {Grollier}, F. and
        {Hagen}, A. and {Hirst}, P. and {Homeier}, D. and {Horton},
        A.~J. and {Hosseinzadeh}, G. and {Hu}, L. and {Hunkeler}, J.~S.
        and {Ivezi{\'c}}, {\v{Z}}. and {Jain}, A. and {Jenness}, T. and
        {Kanarek}, G. and {Kendrew}, S. and {Kern}, N.~S. and
        {Kerzendorf}, W.~E. and {Khvalko}, A. and {King}, J. and
        {Kirkby}, D. and {Kulkarni}, A.~M. and {Kumar}, A. and {Lee}, A.
        and {Lenz}, D. and {Littlefair}, S.~P. and {Ma}, Z. and
        {Macleod}, D.~M. and {Mastropietro}, M. and {McCully}, C. and
        {Montagnac}, S. and {Morris}, B.~M. and {Mueller}, M. and
        {Mumford}, S.~J. and {Muna}, D. and {Murphy}, N.~A. and
        {Nelson}, S. and {Nguyen}, G.~H. and {Ninan}, J.~P. and
        {N{\"o}the}, M. and {Ogaz}, S. and {Oh}, S. and {Parejko}, J.~K.
        and {Parley}, N. and {Pascual}, S. and {Patil}, R. and {Patil},
        A.~A. and {Plunkett}, A.~L. and {Prochaska}, J.~X. and
        {Rastogi}, T. and {Reddy Janga}, V. and {Sabater}, J. and
        {Sakurikar}, P. and {Seifert}, M. and {Sherbert}, L.~E. and
        {Sherwood-Taylor}, H. and {Shih}, A.~Y. and {Sick}, J. and
        {Silbiger}, M.~T. and {Singanamalla}, S. and {Singer}, L.~P. and
        {Sladen}, P.~H. and {Sooley}, K.~A. and {Sornarajah}, S. and
        {Streicher}, O. and {Teuben}, P. and {Thomas}, S.~W. and
        {Tremblay}, G.~R. and {Turner}, J.~E.~H. and {Terr{\'o}n}, V.
        and {van Kerkwijk}, M.~H. and {de la Vega}, A. and {Watkins},
        L.~L. and {Weaver}, B.~A. and {Whitmore}, J.~B. and {Woillez},
        J. and {Zabalza}, V. and {Contributors}, (Astropy},
        title = "{The Astropy Project: Building an Open-science Project and Status of the
        v2.0 Core Package}",
      journal = {\aj},
     keywords = {methods: data analysis, methods: miscellaneous, methods: statistical,
        reference systems, Astrophysics - Instrumentation and Methods
        for Astrophysics},
         year = 2018,
        month = Sep,
       volume = {156},
          eid = {123},
        pages = {123},
          doi = {10.3847/1538-3881/aabc4f},
 primaryClass = {astro-ph.IM},
       adsurl = {https://ui.adsabs.harvard.edu/#abs/2018AJ....156..123T},
      adsnote = {Provided by the SAO/NASA Astrophysics Data System}
}


%added by SP below

@article{Price-Whelan:2016b,
   author = {{Price-Whelan}, A.~M. and {Sesar}, B. and {Johnston}, K.~V. and
	{Rix}, H.-W.},
    title = "{Spending Too Much Time at the Galactic Bar: Chaotic Fanning of the Ophiuchus Stream}",
  journal = {\apj},
archivePrefix = "arXiv",
   eprint = {1601.06790},
 keywords = {Galaxy: evolution, Galaxy: halo, Galaxy: kinematics and dynamics, Galaxy: structure, globular clusters: general, stars: kinematics and dynamics},
     year = 2016,
    month = jun,
   volume = 824,
      eid = {104},
    pages = {104},
      doi = {10.3847/0004-637X/824/2/104},
   adsurl = {http://adsabs.harvard.edu/abs/2016ApJ...824..104P},
  adsnote = {Provided by the SAO/NASA Astrophysics Data System}
}


@article{wang:2012,
   author = {{Wang}, Y. and {Zhao}, H. and {Mao}, S. and {Rich}, R.~M.},
    title = "{A new model for the Milky Way bar}",
  journal = {\mnras},
archivePrefix = "arXiv",
   eprint = {1209.0963},
 keywords = {Galaxy: bulge, Galaxy: centre, Galaxy: formation, Galaxy: kinematics and dynamics, Galaxy: nucleus, Galaxy: structure},
     year = 2012,
    month = dec,
   volume = 427,
    pages = {1429-1440},
      doi = {10.1111/j.1365-2966.2012.22063.x},
   adsurl = {http://adsabs.harvard.edu/abs/2012MNRAS.427.1429W},
  adsnote = {Provided by the SAO/NASA Astrophysics Data System}
}

@article{Pearson:2015,
   author = {{Pearson}, S. and {K{\"u}pper}, A.~H.~W. and {Johnston}, K.~V. and
	{Price-Whelan}, A.~M.},
    title = "{Tidal Stream Morphology as an Indicator of Dark Matter Halo Geometry: The Case of Palomar 5}",
  journal = {\apj},
archivePrefix = "arXiv",
   eprint = {1410.3477},
 keywords = {dark matter, Galaxy: halo, Galaxy: structure, globular clusters: individual: Palomar 5, methods: numerical},
     year = 2015,
    month = jan,
   volume = 799,
      eid = {28},
    pages = {28},
      doi = {10.1088/0004-637X/799/1/28},
   adsurl = {http://adsabs.harvard.edu/abs/2015ApJ...799...28P},
  adsnote = {Provided by the SAO/NASA Astrophysics Data System}
}

@article{Erkal:2017,
   author = {{Erkal}, D. and {Koposov}, S.~E. and {Belokurov}, V.},
    title = "{A sharper view of Pal 5's tails: discovery of stream perturbations with a novel non-parametric technique}",
  journal = {\mnras},
archivePrefix = "arXiv",
   eprint = {1609.01282},
 keywords = {Galaxy: fundamental parameters, globular clusters: individual (Palomar 5), Galaxy: structure, dark matter},
     year = 2017,
    month = sep,
   volume = 470,
    pages = {60-84},
      doi = {10.1093/mnras/stx1208},
   adsurl = {http://adsabs.harvard.edu/abs/2017MNRAS.470...60E},
  adsnote = {Provided by the SAO/NASA Astrophysics Data System}
}

@article{Ibata:2002,
   author = {{Ibata}, R.~A. and {Lewis}, G.~F. and {Irwin}, M.~J. and {Quinn}, T.
	},
    title = "{Uncovering cold dark matter halo substructure with tidal streams}",
  journal = {\mnras},
   eprint = {astro-ph/0110690},
 keywords = {galaxies: haloes, dark matter},
     year = 2002,
    month = jun,
   volume = 332,
    pages = {915-920},
      doi = {10.1046/j.1365-8711.2002.05358.x},
   adsurl = {http://adsabs.harvard.edu/abs/2002MNRAS.332..915I},
  adsnote = {Provided by the SAO/NASA Astrophysics Data System}
}

@article{Ibata:2019,
   author = {{Ibata}, R.~A. and {Malhan}, K. and {Martin}, N.~F.},
    title = "{The Streams of the Gaping Abyss: A Population of Entangled Stellar Streams Surrounding the Inner Galaxy}",
  journal = {\apj},
archivePrefix = "arXiv",
   eprint = {1901.07566},
 keywords = {galaxies: formation, Galaxy: halo, Galaxy: stellar content, Galaxy: structure, surveys },
     year = 2019,
    month = feb,
   volume = 872,
      eid = {152},
    pages = {152},
      doi = {10.3847/1538-4357/ab0080},
   adsurl = {http://adsabs.harvard.edu/abs/2019ApJ...872..152I},
  adsnote = {Provided by the SAO/NASA Astrophysics Data System}
}

@article{deBoer:2018,
   author = {{de Boer}, T.~J.~L. and {Belokurov}, V. and {Koposov}, S.~E. and
	{Ferrarese}, L. and {Erkal}, D. and {C{\^o}t{\'e}}, P. and {Navarro}, J.~F.
	},
    title = "{A deeper look at the GD1 stream: density variations and wiggles}",
  journal = {\mnras},
archivePrefix = "arXiv",
   eprint = {1801.08948},
 keywords = {Galaxy: fundamental parameters, Galaxy: halo, Galaxy: structure},
     year = 2018,
    month = jun,
   volume = 477,
    pages = {1893-1902},
      doi = {10.1093/mnras/sty677},
   adsurl = {http://adsabs.harvard.edu/abs/2018MNRAS.477.1893D},
  adsnote = {Provided by the SAO/NASA Astrophysics Data System}
}


@article{Ibata:2016,
   author = {{Ibata}, R.~A. and {Lewis}, G.~F. and {Martin}, N.~F.},
    title = "{Feeling the Pull: a Study of Natural Galactic Accelerometers. I. Photometry of the Delicate Stellar Stream of the Palomar 5 Globular Cluster}",
  journal = {\apj},
archivePrefix = "arXiv",
   eprint = {1512.03054},
 keywords = {dark matter, Galaxy: halo, Galaxy: kinematics and dynamics, globular clusters: individual: Palomar 5},
     year = 2016,
    month = mar,
   volume = 819,
      eid = {1},
    pages = {1},
      doi = {10.3847/0004-637X/819/1/1},
   adsurl = {http://adsabs.harvard.edu/abs/2016ApJ...819....1I},
  adsnote = {Provided by the SAO/NASA Astrophysics Data System}
}


@article{Bonaca:2014,
   author = {{Bonaca}, A. and {Geha}, M. and {K{\"u}pper}, A.~H.~W. and {Diemand}, J. and
	{Johnston}, K.~V. and {Hogg}, D.~W.},
    title = "{Milky Way Mass and Potential Recovery Using Tidal Streams in a Realistic Halo}",
  journal = {\apj},
archivePrefix = "arXiv",
   eprint = {1406.6063},
 keywords = {dark matter, Galaxy: halo, Galaxy: structure},
     year = 2014,
    month = nov,
   volume = 795,
      eid = {94},
    pages = {94},
      doi = {10.1088/0004-637X/795/1/94},
   adsurl = {http://adsabs.harvard.edu/abs/2014ApJ...795...94B},
  adsnote = {Provided by the SAO/NASA Astrophysics Data System}
}

@article{Sesar:2016,
   author = {{Sesar}, B. and {Price-Whelan}, A.~M. and {Cohen}, J.~G. and
	{Rix}, H.-W. and {Pearson}, S. and {Johnston}, K.~V. and {Bernard}, E.~J. and
	{Ferguson}, A.~M.~N. and {Martin}, N.~F. and {Slater}, C.~T. and
	{Chambers}, K.~C. and {Flewelling}, H. and {Wainscoat}, R.~J. and
	{Waters}, C.},
    title = "{Evidence of Fanning in the Ophiuchus Stream}",
  journal = {\apjl},
archivePrefix = "arXiv",
   eprint = {1512.00469},
 keywords = {Galaxy: halo, Galaxy: kinematics and dynamics, Galaxy: structure, globular clusters: general},
     year = 2016,
    month = jan,
   volume = 816,
      eid = {L4},
    pages = {L4},
      doi = {10.3847/2041-8205/816/1/L4},
   adsurl = {http://adsabs.harvard.edu/abs/2016ApJ...816L...4S},
  adsnote = {Provided by the SAO/NASA Astrophysics Data System}
}


@BOOK{Binney:2008,
   author = {{Binney}, J. and {Tremaine}, S.},
    title = "{Galactic Dynamics: Second Edition}",
booktitle = {Galactic Dynamics: Second Edition, by James Binney and Scott Tremaine.~ISBN 978-0-691-13026-2 (HB).~Published by Princeton University Press, Princeton, NJ USA, 2008.},
     year = 2008,
publisher = {Princeton University Press},
   adsurl = {http://adsabs.harvard.edu/abs/2008gady.book.....B},
  adsnote = {Provided by the SAO/NASA Astrophysics Data System}
}

@article{Dehnen:2004,
   author = {{Dehnen}, W. and {Odenkirchen}, M. and {Grebel}, E.~K. and {Rix}, H.-W.
	},
    title = "{Modeling the Disruption of the Globular Cluster Palomar 5 by Galactic Tides}",
  journal = {\aj},
   eprint = {astro-ph/0401422},
 keywords = {Galaxy: Halo, Galaxy: Globular Clusters: General, Galaxy: Globular Clusters: Individual: Name: Palomar 5, Methods: N-Body Simulations, Stellar Dynamics},
     year = 2004,
    month = may,
   volume = 127,
    pages = {2753-2770},
      doi = {10.1086/383214},
   adsurl = {http://adsabs.harvard.edu/abs/2004AJ....127.2753D},
  adsnote = {Provided by the SAO/NASA Astrophysics Data System}
}


@article{Hattori:2016,
   author = {{Hattori}, K. and {Erkal}, D. and {Sanders}, J.~L.},
    title = "{Shepherding tidal debris with the Galactic bar: the Ophiuchus stream}",
  journal = {\mnras},
archivePrefix = "arXiv",
   eprint = {1512.04536},
 keywords = {Galaxy: bulge, Galaxy: evolution, Galaxy: kinematics and dynamics, Galaxy: structure},
     year = 2016,
    month = jul,
   volume = 460,
    pages = {497-512},
      doi = {10.1093/mnras/stw1006},
   adsurl = {http://adsabs.harvard.edu/abs/2016MNRAS.460..497H},
  adsnote = {Provided by the SAO/NASA Astrophysics Data System}
}

@article{Garrison-Kimmel:2017,
   author = {{Garrison-Kimmel}, S. and {Wetzel}, A. and {Bullock}, J.~S. and
	{Hopkins}, P.~F. and {Boylan-Kolchin}, M. and {Faucher-Gigu{\`e}re}, C.-A. and
	{Kere{\v s}}, D. and {Quataert}, E. and {Sanderson}, R.~E. and
	{Graus}, A.~S. and {Kelley}, T.},
    title = "{Not so lumpy after all: modelling the depletion of dark matter subhaloes by Milky Way-like galaxies}",
  journal = {\mnras},
archivePrefix = "arXiv",
   eprint = {1701.03792},
 keywords = {galaxies: haloes, Local Group, dark matter, cosmology: theory},
     year = 2017,
    month = oct,
   volume = 471,
    pages = {1709-1727},
      doi = {10.1093/mnras/stx1710},
   adsurl = {http://adsabs.harvard.edu/abs/2017MNRAS.471.1709G},
  adsnote = {Provided by the SAO/NASA Astrophysics Data System}
}

@ARTICLE{Bonaca:2018b,
       author = {{Bonaca}, Ana and {Hogg}, David W. and {Price-Whelan}, Adrian M. and
         {Conroy}, Charlie},
        title = "{The Spur and the Gap in GD-1: Dynamical Evidence for a Dark Substructure in the Milky Way Halo}",
      journal = {The Astrophysical Journal},
     keywords = {cosmology: observations, dark matter, Galaxy: halo, Galaxy: kinematics and dynamics, gravitation, stars: kinematics and dynamics, Astrophysics - Astrophysics of Galaxies, Astrophysics - Cosmology and Nongalactic Astrophysics, High Energy Physics - Phenomenology},
         year = "2019",
        month = "Jul",
       volume = {880},
       number = {1},
          eid = {38},
        pages = {38},
          doi = {10.3847/1538-4357/ab2873},
archivePrefix = {arXiv},
       eprint = {1811.03631},
 primaryClass = {astro-ph.GA},
       adsurl = {https://ui.adsabs.harvard.edu/abs/2019ApJ...880...38B},
      adsnote = {Provided by the SAO/NASA Astrophysics Data System}
}

@article{Banik:2019,
   author = {{Banik}, N. and {Bovy}, J.},
    title = "{Effects of baryonic and dark matter substructure on the Pal 5 stream}",
  journal = {\mnras},
archivePrefix = "arXiv",
   eprint = {1809.09640},
 keywords = {Galaxy: evolution, Galaxy: halo, Galaxy: kinematics and dynamics, Galaxy: structure, dark matter},
     year = 2019,
    month = apr,
   volume = 484,
    pages = {2009-2020},
      doi = {10.1093/mnras/stz142},
   adsurl = {http://adsabs.harvard.edu/abs/2019MNRAS.484.2009B},
  adsnote = {Provided by the SAO/NASA Astrophysics Data System}
}


@article{Price-Whelan:2018,
   author = {{Price-Whelan}, A.~M. and {Bonaca}, A.},
    title = "{Off the Beaten Path: Gaia Reveals GD-1 Stars outside of the Main Stream}",
  journal = {\apjl},
archivePrefix = "arXiv",
   eprint = {1805.00425},
 keywords = {dark matter, Galaxy: halo, Galaxy: kinematics and dynamics },
     year = 2018,
    month = aug,
   volume = 863,
      eid = {L20},
    pages = {L20},
      doi = {10.3847/2041-8213/aad7b5},
   adsurl = {http://adsabs.harvard.edu/abs/2018ApJ...863L..20P},
  adsnote = {Provided by the SAO/NASA Astrophysics Data System}
}


@article{Portail:2017,
   author = {{Portail}, M. and {Gerhard}, O. and {Wegg}, C. and {Ness}, M.
	},
    title = "{Dynamical modelling of the galactic bulge and bar: the Milky Way's pattern speed, stellar and dark matter mass distribution}",
  journal = {\mnras},
archivePrefix = "arXiv",
   eprint = {1608.07954},
 keywords = {methods: numerical, Galaxy: bulge, Galaxy: centre, Galaxy: kinematics and dynamics, Galaxy: structure},
     year = 2017,
    month = feb,
   volume = 465,
    pages = {1621-1644},
      doi = {10.1093/mnras/stw2819},
   adsurl = {http://adsabs.harvard.edu/abs/2017MNRAS.465.1621P},
  adsnote = {Provided by the SAO/NASA Astrophysics Data System}
}


@article{Bernard:2016,
       author = {{Bernard}, Edouard J. and {Ferguson}, Annette M.~N. and
         {Schlafly}, Edward F. and {Martin}, Nicolas F. and {Rix}, Hans-Walter and
         {Bell}, Eric F. and {Finkbeiner}, Douglas P. and {Goldman}, Bertrand and
         {Mart{\'\i}nez-Delgado}, David and {Sesar}, Branimir and
         {Wyse}, Rosemary F.~G. and {Burgett}, William S. and
         {Chambers}, Kenneth C. and {Draper}, Peter W. and {Hodapp}, Klaus W. and
         {Kaiser}, Nicholas and {Kudritzki}, Rolf-Peter and
         {Magnier}, Eugene A. and {Metcalfe}, Nigel and {Wainscoat}, Richard J. and
         {Waters}, Christopher},
        title = "{A Synoptic Map of Halo Substructures from the Pan-STARRS1 3{\ensuremath{\pi}} Survey}",
      journal = {\mnras},
     keywords = {Hertzsprung-Russell and colour-magnitude diagrams, surveys, Galaxy: halo, Galaxy: structure, Astrophysics - Astrophysics of Galaxies},
         year = "2016",
        month = "Dec",
       volume = {463},
        pages = {1759-1768},
          doi = {10.1093/mnras/stw2134},
archivePrefix = {arXiv},
       eprint = {1607.06088},
 primaryClass = {astro-ph.GA},
       adsurl = {https://ui.adsabs.harvard.edu/\#abs/2016MNRAS.463.1759B},
      adsnote = {Provided by the SAO/NASA Astrophysics Data System}
}


@article{Balbinot:2017,
   author = {{Balbinot}, E. and {Gieles}, M.},
    title = "{The devil is in the tails: the role of globular cluster mass evolution on stream properties}",
  journal = {\mnras},
archivePrefix = "arXiv",
   eprint = {1702.02543},
 keywords = {globular clusters: general, Galaxy: structure},
     year = 2018,
    month = feb,
   volume = 474,
    pages = {2479-2492},
      doi = {10.1093/mnras/stx2708},
   adsurl = {http://adsabs.harvard.edu/abs/2018MNRAS.474.2479B},
  adsnote = {Provided by the SAO/NASA Astrophysics Data System}
}

@article{Thomas:2018,
   author = {{Thomas}, G.~F. and {Famaey}, B. and {Ibata}, R. and {Renaud}, F. and
	{Martin}, N.~F. and {Kroupa}, P.},
    title = "{Stellar streams as gravitational experiments. II. Asymmetric tails of globular cluster streams}",
  journal = {\aap},
archivePrefix = "arXiv",
   eprint = {1709.01934},
 keywords = {globular clusters: individual: Palomar 5, Galaxy: kinematics and dynamics, Galaxy: structure, Galaxy: halo, gravitation},
     year = 2018,
    month = jan,
   volume = 609,
      eid = {A44},
    pages = {A44},
      doi = {10.1051/0004-6361/201731609},
   adsurl = {http://adsabs.harvard.edu/abs/2018A%26A...609A..44T},
  adsnote = {Provided by the SAO/NASA Astrophysics Data System}
}

@ARTICLE{dey2019,
       author = {{Dey}, Arjun and {Schlegel}, David J. and {Lang}, Dustin and
         {Blum}, Robert and {Burleigh}, Kaylan and {Fan}, Xiaohui and
         {Findlay}, Joseph R. and {Finkbeiner}, Doug and {Herrera}, David and
         {Juneau}, St{\'e}phanie and {Landriau}, Martin and {Levi}, Michael and
         {McGreer}, Ian and {Meisner}, Aaron and {Myers}, Adam D. and
         {Moustakas}, John and {Nugent}, Peter and {Patej}, Anna and
         {Schlafly}, Edward F. and {Walker}, Alistair R. and
         {Valdes}, Francisco and {Weaver}, Benjamin A. and
         {Y{\`e}che}, Christophe and {Zou}, Hu and {Zhou}, Xu and
         {Abareshi}, Behzad and {Abbott}, T.~M.~C. and {Abolfathi}, Bela and
         {Aguilera}, C. and {Alam}, Shadab and {Allen}, Lori and {Alvarez}, A. and
         {Annis}, James and {Ansarinejad}, Behzad and {Aubert}, Marie and
         {Beechert}, Jacqueline and {Bell}, Eric F. and {BenZvi}, Segev Y. and
         {Beutler}, Florian and {Bielby}, Richard M. and {Bolton}, Adam S. and
         {Brice{\~n}o}, C{\'e}sar and {Buckley-Geer}, Elizabeth J. and
         {Butler}, Karen and {Calamida}, Annalisa and {Carlberg}, Raymond G. and
         {Carter}, Paul and {Casas}, Ricard and {Castander}, Francisco J. and
         {Choi}, Yumi and {Comparat}, Johan and {Cukanovaite}, Elena and
         {Delubac}, Timoth{\'e}e and {DeVries}, Kaitlin and {Dey}, Sharmila and
         {Dhungana}, Govinda and {Dickinson}, Mark and {Ding}, Zhejie and
         {Donaldson}, John B. and {Duan}, Yutong and
         {Duckworth}, Christopher J. and {Eftekharzadeh}, Sarah and
         {Eisenstein}, Daniel J. and {Etourneau}, Thomas and
         {Fagrelius}, Parker A. and {Farihi}, Jay and {Fitzpatrick}, Mike and
         {Font-Ribera}, Andreu and {Fulmer}, Leah and {G{\"a}nsicke}, Boris T. and
         {Gaztanaga}, Enrique and {George}, Koshy and {Gerdes}, David W. and
         {Gontcho}, Satya Gontcho A. and {Gorgoni}, Claudio and
         {Green}, Gregory and {Guy}, Julien and {Harmer}, Diane and {Hernand
        ez}, M. and {Honscheid}, Klaus and {Huang}, Lijuan Wendy and
         {James}, David J. and {Jannuzi}, Buell T. and {Jiang}, Linhua and
         {Joyce}, Richard and {Karcher}, Armin and {Karkar}, Sonia and
         {Kehoe}, Robert and {Kneib}, Jean-Paul and {Kueter-Young}, Andrea and
         {Lan}, Ting-Wen and {Lauer}, Tod R. and {Le Guillou}, Laurent and
         {Le Van Suu}, Auguste and {Lee}, Jae Hyeon and {Lesser}, Michael and
         {Perreault Levasseur}, Laurence and {Li}, Ting S. and
         {Mann}, Justin L. and {Marshall}, Robert and
         {Mart{\'\i}nez-V{\'a}zquez}, C.~E. and {Martini}, Paul and
         {du Mas des Bourboux}, H{\'e}lion and {McManus}, Sean and
         {Meier}, Tobias Gabriel and {M{\'e}nard}, Brice and {Metcalfe}, Nigel and
         {Mu{\~n}oz-Guti{\'e}rrez}, Andrea and {Najita}, Joan and
         {Napier}, Kevin and {Narayan}, Gautham and {Newman}, Jeffrey A. and
         {Nie}, Jundan and {Nord}, Brian and {Norman}, Dara J. and
         {Olsen}, Knut A.~G. and {Paat}, Anthony and
         {Palanque-Delabrouille}, Nathalie and {Peng}, Xiyan and
         {Poppett}, Claire L. and {Poremba}, Megan R. and {Prakash}, Abhishek and
         {Rabinowitz}, David and {Raichoor}, Anand and {Rezaie}, Mehdi and
         {Robertson}, A.~N. and {Roe}, Natalie A. and {Ross}, Ashley J. and
         {Ross}, Nicholas P. and {Rudnick}, Gregory and {Safonova}, Sasha and
         {Saha}, Abhijit and {S{\'a}nchez}, F. Javier and {Savary}, Elodie and
         {Schweiker}, Heidi and {Scott}, Adam and {Seo}, Hee-Jong and
         {Shan}, Huanyuan and {Silva}, David R. and {Slepian}, Zachary and
         {Soto}, Christian and {Sprayberry}, David and {Staten}, Ryan and
         {Stillman}, Coley M. and {Stupak}, Robert J. and {Summers}, David L. and
         {Sien Tie}, Suk and {Tirado}, H. and {Vargas-Maga{\~n}a}, Mariana and
         {Vivas}, A. Katherina and {Wechsler}, Risa H. and {Williams}, Doug and
         {Yang}, Jinyi and {Yang}, Qian and {Yapici}, Tolga and
         {Zaritsky}, Dennis and {Zenteno}, A. and {Zhang}, Kai and
         {Zhang}, Tianmeng and {Zhou}, Rongpu and {Zhou}, Zhimin},
        title = "{Overview of the DESI Legacy Imaging Surveys}",
      journal = {\aj},
     keywords = {catalogs, surveys, Astrophysics - Instrumentation and Methods for Astrophysics},
         year = "2019",
        month = "May",
       volume = {157},
       number = {5},
          eid = {168},
        pages = {168},
          doi = {10.3847/1538-3881/ab089d},
archivePrefix = {arXiv},
       eprint = {1804.08657},
 primaryClass = {astro-ph.IM},
       adsurl = {https://ui.adsabs.harvard.edu/abs/2019AJ....157..168D},
      adsnote = {Provided by the SAO/NASA Astrophysics Data System}
}

@ARTICLE{Koposov:2019,
       author = {{Koposov}, S.~E. and {Belokurov}, V. and {Li}, T.~S. and {Mateu}, C. and
         {Erkal}, D. and {Grillmair}, C.~J. and {Hendel}, D. and
         {Price-Whelan}, A.~M. and {Laporte}, C.~F.~P. and {Hawkins}, K.},
        title = "{Piercing the Milky Way: an all-sky view of the Orphan Stream}",
      journal = {\mnras},
     keywords = {Galaxy: halo, Galaxy: kinematics and dynamics, Galaxy: structure, galaxies: dwarf, galaxies: structure, Astrophysics - Astrophysics of Galaxies},
         year = "2019",
        month = "Jun",
       volume = {485},
       number = {4},
        pages = {4726-4742},
          doi = {10.1093/mnras/stz457},
archivePrefix = {arXiv},
       eprint = {1812.08172},
 primaryClass = {astro-ph.GA},
       adsurl = {https://ui.adsabs.harvard.edu/abs/2019MNRAS.485.4726K},
      adsnote = {Provided by the SAO/NASA Astrophysics Data System}
}

@article{stan,
   author = {Bob Carpenter and Andrew Gelman and Matthew Hoffman and Daniel Lee and Ben Goodrich and Michael Betancourt and Marcus Brubaker and Jiqiang Guo and Peter Li and Allen Riddell},
   title = {Stan: A Probabilistic Programming Language},
   journal = {Journal of Statistical Software, Articles},
   volume = {76},
   number = {1},
   year = {2017},
   keywords = {probabilistic programming; Bayesian inference; algorithmic differentiation; Stan},
   abstract = {Stan is a probabilistic programming language for specifying statistical models. A Stan program imperatively defines a log probability function over parameters conditioned on specified data and constants. As of version 2.14.0, Stan provides full Bayesian inference for continuous-variable models through Markov chain Monte Carlo methods such as the No-U-Turn sampler, an adaptive form of Hamiltonian Monte Carlo sampling. Penalized maximum likelihood estimates are calculated using optimization methods such as the limited memory Broyden-Fletcher-Goldfarb-Shanno algorithm. Stan is also a platform for computing log densities and their gradients and Hessians, which can be used in alternative algorithms such as variational Bayes, expectation propagation, and marginal inference using approximate integration. To this end, Stan is set up so that the densities, gradients, and Hessians, along with intermediate quantities of the algorithm such as acceptance probabilities, are easily accessible. Stan can be called from the command line using the cmdstan package, through R using the rstan package, and through Python using the pystan package. All three interfaces support sampling and optimization-based inference with diagnostics and posterior analysis. rstan and pystan also provide access to log probabilities, gradients, Hessians, parameter transforms, and specialized plotting.},
   issn = {1548-7660},
   pages = {1--32},
   doi = {10.18637/jss.v076.i01},
   url = {https://www.jstatsoft.org/v076/i01}
}

@book{Press:2007,
 author = {Press, William H. and Teukolsky, Saul A. and Vetterling, William T. and Flannery, Brian P.},
 title = {Numerical Recipes 3rd Edition: The Art of Scientific Computing},
 year = {2007},
 isbn = {0521880688, 9780521880688},
 edition = {3},
 publisher = {Cambridge University Press},
 address = {New York, NY, USA},
}

@ARTICLE{Hunt:2018,
       author = {{Hunt}, Jason A.~S. and {Bovy}, Jo},
        title = "{The 4:1 outer Lindblad resonance of a long-slow bar as an explanation for the Hercules stream}",
      journal = {\mnras},
     keywords = {Galaxy: bulge, Galaxy: disc, Galaxy: fundamental parameters, Galaxy: kinematics and dynamics, solar neighbourhood, Galaxy: structure, Astrophysics - Astrophysics of Galaxies},
         year = "2018",
        month = "Jul",
       volume = {477},
       number = {3},
        pages = {3945-3953},
          doi = {10.1093/mnras/sty921},
archivePrefix = {arXiv},
       eprint = {1803.02358},
 primaryClass = {astro-ph.GA},
       adsurl = {https://ui.adsabs.harvard.edu/abs/2018MNRAS.477.3945H},
      adsnote = {Provided by the SAO/NASA Astrophysics Data System}
}

@ARTICLE{Monari:2019,
       author = {{Monari}, G. and {Famaey}, B. and {Siebert}, A. and {Wegg}, C. and
         {Gerhard}, O.},
        title = "{Signatures of the resonances of a large Galactic bar in local velocity space}",
      journal = {\aap},
     keywords = {Galaxy: kinematics and dynamics, Galaxy: disk, solar neighborhood, Galaxy: structure, Galaxy: evolution, Astrophysics - Astrophysics of Galaxies},
         year = "2019",
        month = "Jun",
       volume = {626},
          eid = {A41},
        pages = {A41},
          doi = {10.1051/0004-6361/201834820},
archivePrefix = {arXiv},
       eprint = {1812.04151},
 primaryClass = {astro-ph.GA},
       adsurl = {https://ui.adsabs.harvard.edu/abs/2019A&A...626A..41M},
      adsnote = {Provided by the SAO/NASA Astrophysics Data System}
}

@ARTICLE{Sanders:2019,
       author = {{Sanders}, Jason L. and {Smith}, Leigh and {Evans}, N. Wyn},
        title = "{The pattern speed of the Milky Way bar from transverse velocities}",
      journal = {arXiv e-prints},
     keywords = {Astrophysics - Astrophysics of Galaxies},
         year = "2019",
        month = "Mar",
          eid = {arXiv:1903.02009},
        pages = {arXiv:1903.02009},
archivePrefix = {arXiv},
       eprint = {1903.02009},
 primaryClass = {astro-ph.GA},
       adsurl = {https://ui.adsabs.harvard.edu/abs/2019arXiv190302009S},
      adsnote = {Provided by the SAO/NASA Astrophysics Data System}
}

@ARTICLE{Clarke:2019,
       author = {{Clarke}, Jonathan P. and {Wegg}, Christopher and {Gerhard}, Ortwin and
         {Smith}, Leigh C. and {Lucas}, Phil W. and {Wylie}, Shola M.},
        title = "{The Milky Way bar/bulge in proper motions: a 3D view from VIRAC \&amp; Gaia}",
      journal = {arXiv e-prints},
     keywords = {Astrophysics - Astrophysics of Galaxies},
         year = "2019",
        month = "Mar",
          eid = {arXiv:1903.02003},
        pages = {arXiv:1903.02003},
archivePrefix = {arXiv},
       eprint = {1903.02003},
 primaryClass = {astro-ph.GA},
       adsurl = {https://ui.adsabs.harvard.edu/abs/2019arXiv190302003C},
      adsnote = {Provided by the SAO/NASA Astrophysics Data System}
}

@ARTICLE{Antoja:2018,
       author = {{Antoja}, T. and {Helmi}, A. and {Romero-G{\'o}mez}, M. and {Katz}, D. and
         {Babusiaux}, C. and {Drimmel}, R. and {Evans}, D.~W. and
         {Figueras}, F. and {Poggio}, E. and {Reyl{\'e}}, C.},
        title = "{A dynamically young and perturbed Milky Way disk}",
      journal = {\nat},
     keywords = {Astrophysics - Astrophysics of Galaxies},
         year = "2018",
        month = "Sep",
       volume = {561},
       number = {7723},
        pages = {360-362},
          doi = {10.1038/s41586-018-0510-7},
archivePrefix = {arXiv},
       eprint = {1804.10196},
 primaryClass = {astro-ph.GA},
       adsurl = {https://ui.adsabs.harvard.edu/abs/2018Natur.561..360A},
      adsnote = {Provided by the SAO/NASA Astrophysics Data System}
}

@ARTICLE{Erkal:2019,
       author = {{Erkal}, D. and {Belokurov}, V. and {Laporte}, C.~F.~P. and
         {Koposov}, S.~E. and {Li}, T.~S. and {Grillmair}, C.~J. and
         {Kallivayalil}, N. and {Price-Whelan}, A.~M. and {Evans}, N.~W. and
         {Hawkins}, K.},
        title = "{The total mass of the Large Magellanic Cloud from its perturbation on the Orphan stream}",
      journal = {\mnras},
     keywords = {Galaxy: evolution, Galaxy: halo, Galaxy: kinematics and dynamics, Galaxy: structure, Magellanic Clouds, Astrophysics - Astrophysics of Galaxies},
         year = "2019",
        month = "Aug",
       volume = {487},
       number = {2},
        pages = {2685-2700},
          doi = {10.1093/mnras/stz1371},
archivePrefix = {arXiv},
       eprint = {1812.08192},
 primaryClass = {astro-ph.GA},
       adsurl = {https://ui.adsabs.harvard.edu/abs/2019MNRAS.487.2685E},
      adsnote = {Provided by the SAO/NASA Astrophysics Data System}
}

@ARTICLE{Kado-Fong:2018,
       author = {{Kado-Fong}, E. and {Greene}, J.~E. and {Hendel}, D. and
         {Price-Whelan}, A.~M. and {Greco}, J.~P. and {Goulding}, A.~D. and
         {Huang}, S. and {Johnston}, K.~V. and {Komiyama}, Y. and {Lee}, C. -H.},
        title = "{Tidal Features at 0.05 \&lt; z \&lt; 0.45 in the Hyper Suprime-Cam Subaru Strategic Program: Properties and Formation Channels}",
      journal = {\apj},
     keywords = {catalogs, galaxies: interactions, galaxies: statistics, galaxies: structure, techniques: image processing, Astrophysics - Astrophysics of Galaxies},
         year = "2018",
        month = "Oct",
       volume = {866},
       number = {2},
          eid = {103},
        pages = {103},
          doi = {10.3847/1538-4357/aae0f0},
archivePrefix = {arXiv},
       eprint = {1805.05970},
 primaryClass = {astro-ph.GA},
       adsurl = {https://ui.adsabs.harvard.edu/abs/2018ApJ...866..103K},
      adsnote = {Provided by the SAO/NASA Astrophysics Data System}
}

@ARTICLE{Martinez-Delgado:2010,
       author = {{Mart{\'\i}nez-Delgado}, David and {Gabany}, R. Jay and {Crawford}, Ken and
         {Zibetti}, Stefano and {Majewski}, Steven R. and {Rix}, Hans-Walter and
         {Fliri}, J{\"u}rgen and {Carballo-Bello}, Julio A. and
         {Bardalez-Gagliuffi}, Daniella C. and {Pe{\~n}arrubia}, Jorge},
        title = "{Stellar Tidal Streams in Spiral Galaxies of the Local Volume: A Pilot Survey with Modest Aperture Telescopes}",
      journal = {\aj},
     keywords = {dark matter, galaxies: dwarf, galaxies: evolution, galaxies: halos, galaxies: interactions, galaxies: structure, Astrophysics - Cosmology and Nongalactic Astrophysics, Astrophysics - Astrophysics of Galaxies, Astrophysics - Instrumentation and Methods for Astrophysics},
         year = "2010",
        month = "Oct",
       volume = {140},
       number = {4},
        pages = {962-967},
          doi = {10.1088/0004-6256/140/4/962},
archivePrefix = {arXiv},
       eprint = {1003.4860},
 primaryClass = {astro-ph.CO},
       adsurl = {https://ui.adsabs.harvard.edu/abs/2010AJ....140..962M},
      adsnote = {Provided by the SAO/NASA Astrophysics Data System}
}

@ARTICLE{Pearson:2019,
       author = {{Pearson}, Sarah and {Starkenburg}, Tjitske K. and
         {Johnston}, Kathryn V. and {Williams}, Benjamin F. and
         {Ibata}, Rodrigo A.},
        title = "{Detecting Thin Stellar Streams in External Galaxies: Resolved Stars \&amp; Integrated Light}",
      journal = {arXiv e-prints},
     keywords = {Astrophysics - Astrophysics of Galaxies},
         year = "2019",
        month = "Jun",
          eid = {arXiv:1906.03264},
        pages = {arXiv:1906.03264},
archivePrefix = {arXiv},
       eprint = {1906.03264},
 primaryClass = {astro-ph.GA},
       adsurl = {https://ui.adsabs.harvard.edu/abs/2019arXiv190603264P},
      adsnote = {Provided by the SAO/NASA Astrophysics Data System}
}

@ARTICLE{Erkal:2018,
       author = {{Erkal}, D. and {Li}, T.~S. and {Koposov}, S.~E. and {Belokurov}, V. and
         {Balbinot}, E. and {Bechtol}, K. and {Buncher}, B. and
         {Drlica-Wagner}, A. and {Kuehn}, K. and {Marshall}, J.~L.},
        title = "{Modelling the Tucana III stream - a close passage with the LMC}",
      journal = {\mnras},
     keywords = {Galaxy: evolution, Galaxy: kinematics and dynamics, galaxies: dwarf, Astrophysics - Astrophysics of Galaxies},
         year = "2018",
        month = "Dec",
       volume = {481},
       number = {3},
        pages = {3148-3159},
          doi = {10.1093/mnras/sty2518},
archivePrefix = {arXiv},
       eprint = {1804.07762},
 primaryClass = {astro-ph.GA},
       adsurl = {https://ui.adsabs.harvard.edu/abs/2018MNRAS.481.3148E},
      adsnote = {Provided by the SAO/NASA Astrophysics Data System}
}

@ARTICLE{Carlberg:2012,
       author = {{Carlberg}, R.~G. and {Grillmair}, C.~J. and {Hetherington}, Nathan},
        title = "{The Pal 5 Star Stream Gaps}",
      journal = {\apj},
     keywords = {dark matter, galaxies: dwarf, Local Group, Astrophysics - Cosmology and Nongalactic Astrophysics, Astrophysics - Astrophysics of Galaxies},
         year = "2012",
        month = "Nov",
       volume = {760},
       number = {1},
          eid = {75},
        pages = {75},
          doi = {10.1088/0004-637X/760/1/75},
archivePrefix = {arXiv},
       eprint = {1209.1741},
 primaryClass = {astro-ph.CO},
       adsurl = {https://ui.adsabs.harvard.edu/abs/2012ApJ...760...75C},
      adsnote = {Provided by the SAO/NASA Astrophysics Data System}
}

@ARTICLE{Johnston:2002,
       author = {{Johnston}, Kathryn V. and {Spergel}, David N. and {Haydn}, Christian},
        title = "{How Lumpy Is the Milky Way's Dark Matter Halo?}",
      journal = {\apj},
     keywords = {Cosmology: Dark Matter, Galaxy: Halo, Galaxy: Kinematics and Dynamics, Galaxy: Structure, Astrophysics},
         year = "2002",
        month = "May",
       volume = {570},
       number = {2},
        pages = {656-664},
          doi = {10.1086/339791},
archivePrefix = {arXiv},
       eprint = {astro-ph/0111196},
 primaryClass = {astro-ph},
       adsurl = {https://ui.adsabs.harvard.edu/abs/2002ApJ...570..656J},
      adsnote = {Provided by the SAO/NASA Astrophysics Data System}
}

@ARTICLE{Baumgardt:2003,
       author = {{Baumgardt}, Holger and {Makino}, Junichiro},
        title = "{Dynamical evolution of star clusters in tidal fields}",
      journal = {\mnras},
     keywords = {stellar dynamics, methods: N-body simulations, globular clusters: general, Astrophysics},
         year = "2003",
        month = "Mar",
       volume = {340},
       number = {1},
        pages = {227-246},
          doi = {10.1046/j.1365-8711.2003.06286.x},
archivePrefix = {arXiv},
       eprint = {astro-ph/0211471},
 primaryClass = {astro-ph},
       adsurl = {https://ui.adsabs.harvard.edu/abs/2003MNRAS.340..227B},
      adsnote = {Provided by the SAO/NASA Astrophysics Data System}
}

@ARTICLE{Combes:1999,
       author = {{Combes}, Fran{\c{c}}oise and {Leon}, St{\'e}phane and {Meylan}, Georges},
        title = "{N-body simulations of globular cluster tides}",
      journal = {\aap},
     keywords = {GALAXY: EVOLUTION, GALAXY: GENERAL, GALAXY: GLOBULAR CLUSTERS: GENERAL, GALAXY: KINEMATICS AND DYNAMICS, GALAXY: STRUCTURE, GALAXIES: STAR CLUSTERS, Astrophysics},
         year = "1999",
        month = "Dec",
       volume = {352},
        pages = {149-162},
archivePrefix = {arXiv},
       eprint = {astro-ph/9910148},
 primaryClass = {astro-ph},
       adsurl = {https://ui.adsabs.harvard.edu/abs/1999A&A...352..149C},
      adsnote = {Provided by the SAO/NASA Astrophysics Data System}
}

@ARTICLE{Ngan:2015,
       author = {{Ngan}, Wayne and {Bozek}, Brandon and {Carlberg}, Raymond G. and
         {Wyse}, Rosemary F.~G. and {Szalay}, Alexander S. and {Madau}, Piero},
        title = "{Simulating Tidal Streams in a High-resolution Dark Matter Halo}",
      journal = {\apj},
     keywords = {dark matter, galaxies: dwarf, galaxies: interactions, Galaxy: kinematics and dynamics, Astrophysics - Astrophysics of Galaxies},
         year = "2015",
        month = "Apr",
       volume = {803},
       number = {2},
          eid = {75},
        pages = {75},
          doi = {10.1088/0004-637X/803/2/75},
archivePrefix = {arXiv},
       eprint = {1411.3760},
 primaryClass = {astro-ph.GA},
       adsurl = {https://ui.adsabs.harvard.edu/abs/2015ApJ...803...75N},
      adsnote = {Provided by the SAO/NASA Astrophysics Data System}
}

@ARTICLE{Kupper:2008,
       author = {{K{\"u}pper}, Andreas H.~W. and {MacLeod}, Andrew and
         {Heggie}, Douglas C.},
        title = "{On the structure of tidal tails}",
      journal = {\mnras},
     keywords = {methods: analytical, methods: N-body simulations, galaxies: kinematics and dynamics, galaxies: star clusters, Astrophysics},
         year = "2008",
        month = "Jul",
       volume = {387},
       number = {3},
        pages = {1248-1252},
          doi = {10.1111/j.1365-2966.2008.13323.x},
archivePrefix = {arXiv},
       eprint = {0804.2476},
 primaryClass = {astro-ph},
       adsurl = {https://ui.adsabs.harvard.edu/abs/2008MNRAS.387.1248K},
      adsnote = {Provided by the SAO/NASA Astrophysics Data System}
}

@ARTICLE{Just:2009,
       author = {{Just}, A. and {Berczik}, P. and {Petrov}, M.~I. and {Ernst}, A.},
        title = "{Quantitative analysis of clumps in the tidal tails of star clusters}",
      journal = {\mnras},
     keywords = {Galaxy: evolution, Galaxy: kinematics and dynamics, open clusters and associations: general, Galaxy: stellar content, Astrophysics},
         year = "2009",
        month = "Jan",
       volume = {392},
       number = {3},
        pages = {969-981},
          doi = {10.1111/j.1365-2966.2008.14099.x},
archivePrefix = {arXiv},
       eprint = {0808.3293},
 primaryClass = {astro-ph},
       adsurl = {https://ui.adsabs.harvard.edu/abs/2009MNRAS.392..969J},
      adsnote = {Provided by the SAO/NASA Astrophysics Data System}
}




@ARTICLE{Hernquist:1992,
       author = {{Hernquist}, Lars and {Ostriker}, Jeremiah P.},
        title = "{A Self-consistent Field Method for Galactic Dynamics}",
      journal = {The Astrophysical Journal},
     keywords = {Celestial Mechanics, Computational Astrophysics, Galaxies, Stellar Motions, Algorithms, Astronomical Models, Dynamical Systems, Numerical Analysis, Astrophysics, CELESTIAL MECHANICS, STELLAR DYNAMICS, METHODS: NUMERICAL},
         year = "1992",
        month = "Feb",
       volume = {386},
        pages = {375},
          doi = {10.1086/171025},
       adsurl = {https://ui.adsabs.harvard.edu/abs/1992ApJ...386..375H},
      adsnote = {Provided by the SAO/NASA Astrophysics Data System}
}

@ARTICLE{Starkman:2019,
       author = {{Starkman}, Nathaniel and {Bovy}, Jo and {Webb}, Jeremy},
        title = "{An extended Pal 5 stream in Gaia DR2}",
      journal = {arXiv e-prints},
     keywords = {Astrophysics - Astrophysics of Galaxies},
         year = "2019",
        month = "Sep",
          eid = {arXiv:1909.03048},
        pages = {arXiv:1909.03048},
archivePrefix = {arXiv},
       eprint = {1909.03048},
 primaryClass = {astro-ph.GA},
       adsurl = {https://ui.adsabs.harvard.edu/abs/2019arXiv190903048S},
      adsnote = {Provided by the SAO/NASA Astrophysics Data System}
}



@ARTICLE{dustmaps,
       author = {{M. Green}, Gregory},
        title = "{dustmaps: A Python interface for maps of interstellar dust}",
      journal = {The Journal of Open Source Software},
         year = "2018",
        month = "Jun",
       volume = {3},
       number = {26},
        pages = {695},
          doi = {10.21105/joss.00695},
       adsurl = {https://ui.adsabs.harvard.edu/abs/2018JOSS....3..695M},
      adsnote = {Provided by the SAO/NASA Astrophysics Data System}
}

@ARTICLE{Fritz:2015,
       author = {{Fritz}, T.~K. and {Kallivayalil}, N.},
        title = "{The Proper Motion of Palomar 5}",
      journal = {\apj},
     keywords = {Galaxy: fundamental parameters, globular clusters: individual: Palomar 5, proper motions, Astrophysics - Astrophysics of Galaxies, Astrophysics - Solar and Stellar Astrophysics},
         year = "2015",
        month = "Oct",
       volume = {811},
       number = {2},
          eid = {123},
        pages = {123},
          doi = {10.1088/0004-637X/811/2/123},
archivePrefix = {arXiv},
       eprint = {1508.06647},
 primaryClass = {astro-ph.GA},
       adsurl = {https://ui.adsabs.harvard.edu/abs/2015ApJ...811..123F},
      adsnote = {Provided by the SAO/NASA Astrophysics Data System}
}

@article{Price-Whelan:2019,
	Archiveprefix = {arXiv},
	Author = {{Price-Whelan}, A.~M. and {Mateu}, C. and {Iorio}, G. and {Pearson}, S. and {Bonaca}, A. and {Belokurov}, V.},
	Journal = {\apj~submitted},
	Title = {{Kinematics of the Palomar 5 stellar stream from RR Lyrae stars}},
	Year = 2019}

@ARTICLE{Sanderson:2017,
       author = {{The WFIRST Astrometry Working Group} and {Sanderson}, Robyn E. and
         {Bellini}, Andrea and {Casertano}, Stefano and {Lu}, Jessica R. and
         {Melchior}, Peter and {Bennett}, David and {Shao}, Michael and
         {Rhodes}, Jason and {Malhotra}, Sangeeta and {Gaudi}, Scott and
         {Fall}, Michael and {Nelan}, Ed and {Guhathakurta}, Puragra and
         {Anderson}, Jay and {Ho}, Shirley and {Libralato}, Mattia},
        title = "{Astrometry with the WFIRST Wide-Field Imager}",
      journal = {arXiv e-prints},
     keywords = {Astrophysics - Instrumentation and Methods for Astrophysics, Astrophysics - Earth and Planetary Astrophysics, Astrophysics - Astrophysics of Galaxies, Astrophysics - Solar and Stellar Astrophysics},
         year = "2017",
        month = "Dec",
          eid = {arXiv:1712.05420},
        pages = {arXiv:1712.05420},
archivePrefix = {arXiv},
       eprint = {1712.05420},
 primaryClass = {astro-ph.IM},
       adsurl = {https://ui.adsabs.harvard.edu/abs/2017arXiv171205420T},
      adsnote = {Provided by the SAO/NASA Astrophysics Data System}
}

@ARTICLE{Kuzma:2015,
       author = {{Kuzma}, P.~B. and {Da Costa}, G.~S. and {Keller}, S.~C. and
         {Maunder}, E.},
        title = "{Palomar 5 and its tidal tails: a search for new members in the tidal stream}",
      journal = {\mnras},
     keywords = {stars: abundances, stars: kinematics and dynamics, globular clusters: general, globular clusters: individual: Palomar 5, Galaxy: stellar content, Astrophysics - Astrophysics of Galaxies},
         year = "2015",
        month = "Feb",
       volume = {446},
       number = {4},
        pages = {3297-3309},
          doi = {10.1093/mnras/stu2343},
archivePrefix = {arXiv},
       eprint = {1411.0776},
 primaryClass = {astro-ph.GA},
       adsurl = {https://ui.adsabs.harvard.edu/abs/2015MNRAS.446.3297K},
      adsnote = {Provided by the SAO/NASA Astrophysics Data System}
}

@ARTICLE{Odenkirchen:2002,
       author = {{Odenkirchen}, Michael and {Grebel}, Eva K. and {Dehnen}, Walter and
         {Rix}, Hans-Walter and {Cudworth}, Kyle M.},
        title = "{Kinematic Study of the Disrupting Globular Cluster Palomar 5 Using VLT Spectra}",
      journal = {\aj},
     keywords = {Galaxy: Globular Clusters: Individual: Name: Palomar 5, Stars: Kinematics, Astrophysics},
         year = "2002",
        month = "Sep",
       volume = {124},
       number = {3},
        pages = {1497-1510},
          doi = {10.1086/342287},
archivePrefix = {arXiv},
       eprint = {astro-ph/0206276},
 primaryClass = {astro-ph},
       adsurl = {https://ui.adsabs.harvard.edu/abs/2002AJ....124.1497O},
      adsnote = {Provided by the SAO/NASA Astrophysics Data System}
}

@ARTICLE{Harris:2010,
       author = {{Harris}, William E.},
        title = "{A New Catalog of Globular Clusters in the Milky Way}",
      journal = {arXiv e-prints},
     keywords = {Astrophysics - Galaxy Astrophysics},
         year = "2010",
        month = "Dec",
          eid = {arXiv:1012.3224},
        pages = {arXiv:1012.3224},
archivePrefix = {arXiv},
       eprint = {1012.3224},
 primaryClass = {astro-ph.GA},
       adsurl = {https://ui.adsabs.harvard.edu/abs/2010arXiv1012.3224H},
      adsnote = {Provided by the SAO/NASA Astrophysics Data System}
}

@ARTICLE{Thomas:2016,
       author = {{Thomas}, Guillaume F. and {Ibata}, R. and {Famaey}, B. and
         {Martin}, N.~F. and {Lewis}, G.~F.},
        title = "{Exploring the reality of density substructures in the Palomar 5 stellar stream}",
      journal = {\mnras},
     keywords = {globular clusters: individual: Palomar 5, Galaxy: kinematics and dynamics, Galaxy: structure, dark matter, Astrophysics - Astrophysics of Galaxies},
         year = "2016",
        month = "Aug",
       volume = {460},
       number = {3},
        pages = {2711-2719},
          doi = {10.1093/mnras/stw1189},
archivePrefix = {arXiv},
       eprint = {1605.05520},
 primaryClass = {astro-ph.GA},
       adsurl = {https://ui.adsabs.harvard.edu/abs/2016MNRAS.460.2711T},
      adsnote = {Provided by the SAO/NASA Astrophysics Data System}
}

@ARTICLE{Hu:2000,
       author = {{Hu}, Wayne and {Barkana}, Rennan and {Gruzinov}, Andrei},
        title = "{Fuzzy Cold Dark Matter: The Wave Properties of Ultralight Particles}",
      journal = {\prl},
     keywords = {Astrophysics, High Energy Physics - Phenomenology},
         year = "2000",
        month = "Aug",
       volume = {85},
       number = {6},
        pages = {1158-1161},
          doi = {10.1103/PhysRevLett.85.1158},
archivePrefix = {arXiv},
       eprint = {astro-ph/0003365},
 primaryClass = {astro-ph},
       adsurl = {https://ui.adsabs.harvard.edu/abs/2000PhRvL..85.1158H},
      adsnote = {Provided by the SAO/NASA Astrophysics Data System}
}

@ARTICLE{Kupper:2010,
       author = {{K{\"u}pper}, Andreas H.~W. and {Kroupa}, Pavel and {Baumgardt}, Holger and
         {Heggie}, Douglas C.},
        title = "{Tidal tails of star clusters}",
      journal = {\mnras},
     keywords = {methods: analytical, methods: N-body simulations, galaxies: haloes, galaxies: kinematics and dynamics, galaxies: star clusters, dark matter, Astrophysics - Solar and Stellar Astrophysics, Astrophysics - Astrophysics of Galaxies},
         year = "2010",
        month = "Jan",
       volume = {401},
       number = {1},
        pages = {105-120},
          doi = {10.1111/j.1365-2966.2009.15690.x},
archivePrefix = {arXiv},
       eprint = {0909.2619},
 primaryClass = {astro-ph.SR},
       adsurl = {https://ui.adsabs.harvard.edu/abs/2010MNRAS.401..105K},
      adsnote = {Provided by the SAO/NASA Astrophysics Data System}
}

@ARTICLE{Bode:2001,
       author = {{Bode}, Paul and {Ostriker}, Jeremiah P. and {Turok}, Neil},
        title = "{Halo Formation in Warm Dark Matter Models}",
      journal = {\apj},
     keywords = {Cosmology: Theory, Cosmology: Dark Matter, Galaxies: Formation, Galaxies: Halos, Methods: Numerical, Astrophysics},
         year = "2001",
        month = "Jul",
       volume = {556},
       number = {1},
        pages = {93-107},
          doi = {10.1086/321541},
archivePrefix = {arXiv},
       eprint = {astro-ph/0010389},
 primaryClass = {astro-ph},
       adsurl = {https://ui.adsabs.harvard.edu/abs/2001ApJ...556...93B},
      adsnote = {Provided by the SAO/NASA Astrophysics Data System}
}

@ARTICLE{Milgrom:1983,
       author = {{Milgrom}, M.},
        title = "{A modification of the Newtonian dynamics as a possible alternative to the hidden mass hypothesis.}",
      journal = {\apj},
     keywords = {Cosmology, Galactic Structure, Nonrelativistic Mechanics, Stellar Motions, Particle Acceleration, Solar System, Astrophysics},
         year = "1983",
        month = "Jul",
       volume = {270},
        pages = {365-370},
          doi = {10.1086/161130},
       adsurl = {https://ui.adsabs.harvard.edu/abs/1983ApJ...270..365M},
      adsnote = {Provided by the SAO/NASA Astrophysics Data System}
}





